5710 4266
157 547 364 624 Aristophanis
384 541 567 620 temporibus
587 541 749 611 loquantur.
790 533 896 590 Postea
920 537 1019 587 autem
1039 523 1172 583 Bacchus

156 640 286 718 Euripidi
305 639 335 698 in
355 655 392 698 eo
411 635 580 700 assentitur,
605 629 685 706 quod
706 627 854 686 Ranarum
882 618 1065 696 temporibus
1091 616 1172 692 quod

156 734 260 794 attinet
286 733 325 790 ad
354 727 515 790 tabularum
545 721 764 798 dispositionem
791 711 959 788 Aeschylus
985 715 1172 784 comparatus

156 843 224 884 cum
254 823 351 900 poetis
377 815 587 898 posterioribus
616 831 648 872 rc
675 829 744 869 vera
767 805 938 866 discedebat
961 800 1022 861 lere
1045 797 1171 859 inferior.

158 915 283 994 Optime
312 922 411 972 autem
438 911 476 970 de
502 925 538 968 ea
566 904 701 966 disseruit
728 919 760 961 re
787 895 994 970 Bernhardyus
1018 892 1104 952 litter.
1131 907 1174 966 gr.
1268 937 1271 946 .

162 1025 187 1082 ο
208 1011 266 1070 2⁶2
288 1009 373 1083 (uri
432 1063 434 1068 .

577 1123 633 1134 vna-u·

590 1290 686 1368 Caput
706 1288 740 1348 ll.

416 1436 464 1496 Dr
483 1431 615 1504 Aeschyli
631 1431 781 1490 elocutione
801 1423 915 1485 iudicia.

467 1575 486 1636 l.
502 1586 525 1635 3.
556 1575 593 1620 De
608 1572 714 1618 universe
731 1567 866 1614 elocutione.

234 1669 451 1749 Aristophanes
466 1663 607 1741 Aeschyli
623 1659 758 1722 dictionis
778 1657 973 1735 granditatem
990 1649 1175 1731 potissimum

159 1767 267 1846 premit
287 1773 377 1841 atquc
396 1761 506 1840 passim
526 1760 614 1820 etlam
639 1756 722 1827 (llam
741 1752 802 1828 926
820 1769 843 1812 s.
863 1763 923 1825 930
940 1746 994 1824 ss.)
1017 1743 1176 1804 obscurita-

161 1871 221 1922 tem
235 1858 485 1938 asperitatemque
500 1851 565 1928 (Ar.
583 1849 636 1927 lrg.
656 1849 730 1924 526).
761 1845 844 1904 Idem
860 1840 980 1902 recurrit
993 1841 1022 1898 in
1041 1835 1178 1942 omnibus

159 1953 218 2016 lere
237 1953 322 2026 locis,
344 1949 450 2028 qulbus
471 1943 611 2021 Aeschyli
632 1940 804 2003 elocutionis
823 1935 934 1996 mentio
954 1933 997 2008 lit,
1016 1949 1092 2008 quos
1111 1928 1178 1988 ιδεο

163 2051 220 2110 iam
240 2061 428 2123 componam
1047 2119 1053 2134 .

236 2139 290 2199 Ac
315 2139 441 2216 primum
465 2134 583 2210 quidem
603 2127 819 2205 Aristophanes
849 2123 982 2190 chorum,
1010 2133 1178 2196 priusquam

161 2242 314 2295 certamen
341 2228 531 2290 commissum
563 2232 624 2294 est,
656 2222 729 2280 haec
762 2221 908 2279 dicentem
934 2212 1019 2272 finxit
1047 2211 1121 2270 Ran.
1150 2223 1179 2267 ν.

161 2327 279 2388 did-8
324 2345 331 2382 ι

280 2338 366 2479 ἕζεαι
385 2405 416 2474 δ’
426 2405 611 2485 ἱππολόφων
630 2427 663 2468 τε
683 2400 787 2483 λόγων
805 2398 997 2478 κορυθαίολα
1016 2397 1100 2474 νείκη

279 2501 495 2584 σκινδαλάμαν
514 2523 548 2565 τε
566 2494 737 2579 παραξόνια
756 2489 940 2574 σμιλεύματά
960 2485 986 2553 τ’
997 2487 1095 2569 ύργοτν

162 2610 221 2668 8νο
280 2598 389 2679 φωτός
407 2593 602 2678 ἀμυνομένου
621 2589 865 2671 φρενοτέκτονος
884 2581 999 2661 ἀνδρὸς

490 2680 606 2772 ῥήμαθ’
628 2679 833 2762 ίπποβάμονα.

279 2787 390 2866 φρίξας
409 2776 620 2859 δἀύτοκόμου
639 2775 748 2852 λοφιᾶς
767 2767 949 2849 λασιαύχενα
968 2767 1077 2878 χήίτην

281 2875 392 2942 δεινὸν
412 2870 592 2940 ἐπισκύνιον
611 2865 763 2948 ξυνάγων,
782 2859 975 2944 βρεχόμενος
993 2874 1057 2941 ησιι

280 2967 403 3054 ήήματα
421 2969 612 3048 γομφοπαγῆ,
630 2955 804 3040 πινακηδὸν
824 2953 976 3020 ἀποσπῶν

162 3074 217 3148 825
488 3071 610 3140 γηγενει
628 3052 791 3135 φυσήματι·

281 3155 380 3222 λ’νθιν
399 3153 437 3236 tl,
458 3145 686 3232 στοματουργὸς
705 3148 791 3212 ἐπῶν
809 3143 1007 3221 βασανίστρια
1025 3139 1123 3250 λίσπή

281 3243 395 3332 γλῶσδ
417 3243 641 3324 ἀνελισσομίνη,
660 3237 836 3318 φθονεροὺς
852 3237 982 3298 κινοῦσα
994 3234 1147 3311 χαλινους,

286 3339 409 3426 ήήματα
425 3337 571 3418 δαιομύνη
590 3327 883 3414 καταλεπτολογήσει

492 3424 677 3510 πνευμόνων
695 3423 796 3488 πολύν
815 3419 923 3486 πόνον.
1002 3425 1005 3432 ’

242 3533 348 3613 Quam
365 3523 596 3604 ingeniosissime
612 3528 643 3583 et
657 3519 809 3580 verissime
827 3515 872 3576 hls
888 3515 1021 3576 versibus
1043 3510 1184 3574 imitando

163 3627 315 3706 effingitur
345 3617 488 3694 Aeschyli
514 3615 672 3676 uerborum
699 3610 836 3689 gravitas.
879 3608 1057 3668 'l'rlbuuntur
1087 3611 1186 3664 autern

166 3717 325 3796 Aeschylo
346 3709 439 3772 verba
457 3709 515 3771 alte
535 3707 652 3768 cristato
668 3709 704 3779 (ν.
719 3704 785 3763 818
801 3696 969 3775 ίππὸλοφοι
985 3694 1093 3775 λόγοι),
1113 3709 1188 3772 quae

2033 397 2226 458 -,9..

1622 555 1699 612 equo
1719 537 1891 596 invehantur
1910 551 1935 593 v.
1956 539 2029 605 821,
2061 536 2151 595 verba
2175 539 2381 613 compaginata
2408 555 2435 598 ν.
2463 540 2537 610 824,
2564 557 2641 615 quae

1622 637 1760 704 tanquam
1793 628 1910 688 tabulae
1937 628 2113 688 revellantur
2141 630 2282 705 giganteo
2309 630 2410 706 spiritu
2435 648 2463 688 v.
2484 633 2558 708 825..
2578 631 2641 709 pul·

1621 739 1741 780 monum
1761 719 1845 780 labor
1864 721 2003 797 plurimus
2024 739 2050 778 ν.
2071 725 2137 795 829.

1698 811 1812 872 Deinde
1832 831 1858 872 ν.
1879 815 1935 887 833
1957 833 1980 871 s.
2000 811 2157 889 Euripides
2177 813 2216 873 de
2235 813 2389 888 Aeschylo
2409 813 2481 876 hacc
2500 824 2611 876 censet:

1736 901 1992 984 circumcursione
2011 909 2148 981 requiror,
2168 899 2247 984 άπερ
2267 903 2411 968 ἑκάστοτε

1733 998 1769 1059 lu
1789 1008 1856 1068 cele
1875 997 2091 1077 τραγῳδίαισιν
2110 995 2317 1075 ἐτερατεύετο.

1697 1091 1905 1168 Praestigiator
1924 1092 1973 1166 qui
1994 1093 2021 1150 in
2043 1090 2148 1150 labulis
2169 1091 2303 1167 loquatur
2329 1101 2460 1152 monstra
2481 1093 2639 1153 uerborum

1619 1183 1783 1261 appellatur
1809 1184 1867 1244 hoc
1894 1185 1960 1244 loco
1988 1184 2165 1260 Aeschylus.
2204 1184 2293 1262 Quod
2318 1194 2418 1246 tamen
2445 1187 2638 1265 opprobrium

1619 1277 1703 1336 nimis
1722 1279 1826 1337 durum
1848 1297 1915 1339 esse
1933 1281 2050 1338 videtur
2066 1277 2193 1349 Baccho,
2209 1297 2302 1356 aquo
2319 1298 2345 1340 v.
2361 1282 2434 1356 835,
2451 1299 2488 1340 ne
2501 1281 2638 1356 loquatur

1619 1371 1785 1442 immodice,
1803 1373 1978 1434 admonetur
1997 1373 2159 1450 Euripides.
2199 1371 2284 1450 Quae
2312 1392 2359 1434 res
2383 1375 2563 1451 respicienda
2586 1383 2640 1444 est,

1516 1459 1520 1468 '
1619 1471 1651 1522 ut
1670 1473 1751 1525 recte
1770 1465 1955 1542 intellegatur
1973 1465 2182 1544 Aristophanis
2202 1469 2355 1527 sententia

1695 1557 1848 1636 Euripides
1867 1569 1964 1620 autem
1985 1561 2027 1619 sic
2047 1563 2143 1637 pergit
2164 1580 2190 1619 v.
2211 1561 2283 1635 8362

1733 1651 1834 1730 ἐγῷδα
1855 1655 1970 1712 τοῦτον
1989 1653 2038 1712 καί
2060 1653 2233 1731 διίσκεμμαι
2254 1648 2357 1728 πάλεα,

1733 1738 1904 1821 ἄνθρωπον
1923 1741 2114 1823 ἀγριοποιὸν,
2134 1741 2385 1826 αὐθαδόστομον,

1734 1833 1835 1915 ἔχοντ’
1857 1833 2013 1915 ἀχάλινον,
2033 1835 2172 1916 άκρατίς,
2193 1835 2363 1916 άθύροττον
2383 1837 2489 1919 στόμα,

1732 1925 1965 2010 ἀπεριλάλητον,
1987 1929 2352 2012 κομποφακελορρήμονα

1694 2023 1811 2083 Praeter
1836 2025 1992 2084 verborum
2017 2027 2206 2101 gravitatem,
2234 2044 2321 2101 quam
2351 2027 2480 2102 perbene
2508 2029 2638 2086 imitatur

1616 2116 1645 2174 in
1681 2115 1739 2176 fine
1775 2118 1867 2176 verbo
1898 2114 2269 2197 κομποφακελορρήμονν
2300 2120 2318 2180 i.
2341 2139 2366 2179 c.
2390 2116 2520 2195 ‘turgida
2544 2120 2637 2179 verba

1617 2207 1787 2268 cumulatim
1808 2205 1938 2269 lundens'
1960 2209 2190 2286 Aristophanes,
2217 2211 2355 2287 superbia
2378 2229 2499 2287 quoque
2521 2213 2637 2288 praedi·

1615 2310 1695 2360 catur
1715 2299 1867 2376 Aeschyli,
1887 2304 1935 2378 qui
1956 2321 1983 2360 ν.
2005 2305 2060 2377 837
2082 2299 2320 2380 αύθαόόστομος
2339 2304 2510 2380 appellatur.

1692 2393 1770 2452 Tum
1791 2413 1817 2452 v.
1839 2399 1891 2471 851
1916 2414 1952 2454 ss
1974 2395 2151 2472 Aeschylus,
2171 2399 2220 2473 qui
2241 2397 2387 2457 invehitur
2405 2397 2435 2457 in
2455 2397 2635 2476 Euripidem,

1614 2505 1632 2546 a
1651 2486 1767 2547 Baccho
1788 2488 1832 2546 his
1852 2489 2070 2565 interrumpitur
2090 2491 2235 2548 versibus:

1728 2581 1846 2657 ἐπίσχες
1866 2571 1968 2653 ούτος,
1989 2573 2016 2641 oi
2035 2577 2214 2661 πολυτίμητ’
2236 2579 2374 2660 Αἰσχύλε.

1729 2667 1801 2734 άπὸ
1822 2677 1901 2735 τῶν
1917 2676 2087 2753 χαλαζῶν
2106 2669 2147 2748 δ’,
2166 2665 2194 2736 oi
2212 2671 2321 2756 πονήρ’
2344 2671 2504 2755 Ιίύριπίδη,

1728 2759 1822 2844 άναγε
1843 2765 1974 2830 σεαυτὸν
1994 2765 2148 2842 ίκποδαύν,
2168 2768 2196 2830 εί
2215 2780 2391 2848 σωφρονεῖς,
2514 2839 2516 2844 ,

1728 2855 1779 2918 iva
1797 2857 1838 2939 μή
1858 2860 2047 2940 κεφαλαίῳ
2068 2861 2127 2922 τὸν
2145 2858 2307 2938 κρόταφόν
2326 2879 2383 2924 σου
2400 2859 2534 2944 ήήματι

1613 2951 1666 3024 855
1728 2949 1833 3012 θενοὸν
1853 2947 1903 3012 ὑπ’
1925 2947 2019 3033 όργής
2037 2953 2123 3032 ίκχίη
2144 2953 2202 3017 τὸν
2226 2953 2372 3036 Τήλεφον.

1688 3041 1786 3119 Quem
1806 3045 1905 3104 locum
1925 3064 2106 3123 quamquam
2127 3048 2185 3108 iam
2213 3068 2301 3127 supra
2324 3050 2406 3110 attuli
2426 3050 2454 3110 in
2479 3070 2514 3111 ea
2537 3063 2630 3130 parte,

1611 3151 1685 3208 quae
1704 3137 1814 3213 scripta
1840 3145 1887 3198 cst
1911 3139 1948 3198 de
1968 3138 2112 3216 Aeschyli
2134 3141 2259 3217 ingenio,
2284 3142 2330 3202 hic
2350 3144 2486 3204 omittere
2506 3163 2629 3221 nequeo,

1610 3243 1676 3284 cum
1697 3227 1737 3286 ibi
1758 3247 1816 3288 non
1836 3230 1932 3289 solum
1953 3231 1991 3292 de
2008 3229 2151 3309 Aeschyli
2170 3234 2279 3311 impetu
2296 3243 2400 3311 agatur
2415 3237 2470 3298 scd
2485 3237 2629 3298 etlam'de

1609 3319 1766 3392 grandiore
1786 3320 1957 3394 elocutione,
1977 3343 2053 3400 quae
2068 3337 2255 3403 comparatur
2274 3345 2340 3387 curn
2361 3331 2509 3404 grandine.

1688 3408 1769 3470 Ante
1782 3413 1877 3489 ipsum
1894 3425 2043 3476 certamen
2057 3419 2165 3477 chorus
2178 3421 2221 3480 sic
2236 3422 2352 3480 invocat
2366 3421 2624 3499 Musasv.879ss:

1726 3501 1824 3568 ἔλθετ’
1847 3507 2035 3590 ίποφάμεναι
2057 3509 2188 3592 δύναμιν

1725 3595 1919 3661 δεινοτάτοιν
1938 3599 2107 3681 στομάτοιν
2125 3605 2311 3681 πορίσασθαι

1724 3685 1842 3769 ήήματα
1861 3693 1912 3753 καί
1931 3689 2154 3773 παραπρίσματ’
2176 3697 2269 3758 ianr».

2438 3789 2467 3838 τ’
