5710 4266
589 285 780 347 -,,-

176 443 246 484 essm
264 425 463 502 Franeogaiiis
489 433 636 484 nostrates
663 432 832 501 gesserunt.
859 423 980 486 interfui.
1020 425 1104 486 Bello
1134 429 1193 486 ism

175 517 289 578 dudum
308 516 392 578 finito
412 516 532 595 Quintili
556 535 657 578 mense
677 536 755 577 anno
774 517 840 577 ius.
858 520 1077 595 septuagesimo
1097 522 1192 597 primo

175 627 218 668 ex
237 608 355 670 Gallia
374 611 444 671 redii
464 612 493 669 in
511 611 635 687 patriam
652 610 750 686 ibique
762 627 815 687 per
829 618 890 669 tres
906 627 1023 686 nienses
1035 610 1193 672 Dresdac

175 701 206 761 in
226 703 371 779 praesidio
390 719 479 773 eram,
499 701 594 762 donec
614 703 783 762 missionem
804 704 913 779 accepi.
1094 756 1104 779 „

253 792 332 854 Turn
349 795 477 854 'demum
498 792 661 870 Lipsiam
691 811 739 852 sne
769 791 900 854 conferre
927 797 1009 872 potui
1032 797 1071 854 ad
1095 798 1193 855 studia

174 886 365 946 absolvenda.
403 886 448 946 Ibi
466 904 520 964 per
538 887 759 964 quadriennium
778 893 809 946 et
828 903 883 944 sex
903 905 1020 946 menses
1039 888 1077 947 ad
1098 888 1191 966 philo·

175 977 272 1054 iogise
290 985 321 1037 et
338 977 512 1054 theologiae
539 979 636 1038 studia
662 977 785 1036 incubui.
825 976 874 1037 Ac
898 981 977 1054 prius
1004 979 1123 1054 quidem
1150 982 1188 1039 ad

175 1070 303 1130 sordium
316 1069 473 1130 colersdum
492 1069 606 1130 intertui
619 1070 805 1148 potissimum
821 1069 929 1128 scholis
944 1070 1073 1129 uirorum
1082 1073 1189 1131 doctis

175 1163 316 1222 simomrn
336 1162 463 1234 Absens,
486 1161 611 1232 Curtius,
626 1162 773 1232 Eckstein,
796 1162 907 1238 Lange,
923 1161 1050 1240 Lipsius,
1068 1165 1190 1234 sissent,

176 1251 281 1332 Voigt,
303 1254 444 1315 Zarncke.
487 1253 603 1314 Drdnde
628 1254 885 1313 exercitationibus
911 1255 1090 1330 antiquariis,
1116 1273 1190 1331 quas

175 1345 306 1423 langius
325 1357 356 1408 et
375 1347 527 1416 historicis.
546 1365 620 1423 quas
639 1345 777 1422 Voigtius
797 1345 906 1405 habere
925 1347 1010 1415 solet,
1029 1365 1083 1422 per
1102 1365 1189 1407 senos

176 1457 246 1498 usus
268 1457 334 1498 suun
358 1456 481 1500 menses
519 1437 597 1498 Tum
623 1437 808 1496 seminarium
834 1438 1082 1513 paedagogicum,
1105 1441 1188 1514 'quod

176 1530 345 1592 Ecirsteinio
370 1531 552 1608 gubernante
578 1527 675 1600 floret,
703 1538 734 1590 et
759 1531 945 1589 seminarium
972 1527 1188 1605 Germanicum,

176 1625 258 1702 quod
284 1623 417 1686 Zarnckii
444 1623 553 1702 regitur
580 1623 731 1701 auspiciis,
767 1620 946 1698 frequentavi
977 1641 1031 1700 per
1057 1624 1187 1702 singulos

175 1739 276 1794 annos,
291 1727 322 1782 et
336 1738 390 1797 per
404 1719 484 1780 idern
500 1728 616 1797 tempus
631 1718 780 1778 societatis
795 1717 964 1795 phiioiogae
973 1717 1188 1782 Ritschelisnac

176 1822 208 1873 et
226 1813 299 1890 regii
314 1811 530 1890 phiioiogorurn
546 1812 689 1871 seminarii
709 1813 807 1870 socius
822 1829 903 1870 eram
919 1811 1088 1882 ordinarius,
1107 1815 1188 1890 quod

174 1913 246 1967 bunc
264 1903 491 1967 moderabantur
510 1905 561 1964 viri
581 1903 743 1964 doctissimi
767 1900 883 1964 Curtius
902 1911 932 1963 et
952 1903 1080 1981 langius
1100 1914 1131 1965 et
1155 1907 1187 1978 is,
1215 1971 1218 1978 ,

174 2001 225 2078 qui
240 2017 319 2061 anno
326 2001 474 2078 superiore
485 2017 551 2059 cum
568 2016 684 2059 summo
700 1997 831 2058 omniurn
846 1997 1053 2076 discipulorum
1068 2017 1187 2060 suorum

174 2092 278 2156 doiore
292 2101 442 2154 senectute
456 2092 606 2154 coniectus
626 2093 704 2152 diem
723 2093 797 2152 obiit
815 2111 993 2170 supremum,
1005 2093 1187 2156 Ritscbelius

254 2187 397 2250 Examinc
416 2185 497 2266 quod
512 2187 695 2248 subeundum
715 2196 760 2248 est
775 2187 936 2246 candidatis
955 2189 1082 2250 muneris
1103 2189 1189 2250 scho-

175 2281 266 2344 lastici
293 2281 450 2360 superioris
485 2283 514 2340 in
544 2281 696 2342 academia
724 2279 867 2358 Lipsiensi
897 2279 1057 2342 Februario
1087 2301 1187 2344 mense

174 2377 242 2438 suni
262 2375 290 2440 b.
313 2396 335 2436 s.
359 2375 568 2454 septuagesimi
594 2373 672 2435 sexti
700 2373 842 2451 probatus
873 2393 891 2435 s
919 2374 1076 2436 ministerio
1104 2379 1186 2454 regio

175 2469 328 2548 delegabo
343 2487 408 2530 sum
424 2469 463 2528 ed
479 2469 665 2546 gymnasium
679 2465 955 2538 Chemnitiense,
969 2467 998 2528 in
1013 2486 1072 2545 qua
1086 2469 1187 2532 schola
1249 2489 1254 2503 ·

173 2563 257 2627 initio
283 2563 455 2626 candidatus
481 2561 650 2643 probandus
678 2561 784 2622 deinde
814 2568 990 2640 praeceptor
1024 2565 1186 2627 ordinarius

174 2657 261 2720 docui
281 2665 394 2719 rectore
413 2655 574 2718 Theodoro
593 2651 721 2732 Vogeiio
741 2671 816 2715 nunc
836 2651 985 2732 lipsiensi

151 2800 154 2805 .
252 2747 394 2829 Superest
412 2755 444 2810 ut
463 2748 522 2810 boc
540 2746 607 2808 ioco
626 2763 685 2824 qua
703 2764 756 2825 par
775 2753 820 2807 est
843 2747 953 2826 pionte
975 2739 1113 2822 vovean'r,
1138 2769 1186 2813 nre

174 2861 241 2906 cum
268 2843 331 2904 aliis
356 2839 516 2903 isutoribus
548 2838 828 2902 benevolentissimis
855 2852 919 2904 turn
946 2845 1185 2922 praeceptoribus

175 2938 247 3000 meis
266 2935 453 3007 doctissimis,
480 2937 529 3013 qui
549 2953 610 2995 uon
629 2934 724 2996 solum
743 2935 869 2997 tironem
892 2946 1038 2999 suxerunt
1057 2939 1185 3012 scientia,

173 3031 227 3091 sed
242 3029 331 3091 &sm
346 3027 494 3092 beneficiis
510 3045 672 3107 pauperem
686 3028 867 3102 adiuverunt.
882 3031 1007 3107 gratiam
1024 3032 1185 3093 martiniani

172 3141 289 3204 semper
307 3141 373 3186 esse
391 3121 569 3186 habiturum.

587 3316 601 3342 ii
859 3337 862 3345 .
