5710 4266
638 379 830 438 ..,,..

301 507 377 587 ἀλλ’,
396 503 424 576 ol
443 520 570 594 πρῶτος
589 521 656 580 τοῖν
668 515 821 600 Ἑλλήνων
835 520 998 601 πυργάσας
1012 523 1132 605 (λύματα
1146 524 1237 609 σεμνά

169 613 172 624 “
299 605 351 666 καί
364 605 517 689 κοσμήσας
529 607 783 689 τραγικδνλιζρον,
791 618 921 694 θαρρῶν
930 613 989 678 τδν
1004 617 1140 695 κρουνὸν
1147 616 1237 698 άφίει.

301 697 466 761 Scholiasta
483 703 523 763 ad
539 702 692 782 Aristoph
712 705 794 766 Pacis
813 724 841 765 u.
857 720 923 784 749,
943 727 1030 786 quem
1047 731 1136 788 supra
1151 713 1240 786 attuli,

222 797 340 866 praeter
364 791 441 852 hunc
468 813 584 854 versum
616 810 690 870 τους
716 797 895 860 Pherecratis
920 819 937 862 e
963 801 1126 880 Crapatalis
1153 805 1239 868 affert

221 899 347 956 uersum,
366 903 426 960 quo
446 885 610 963 Aeschylus
630 890 669 950 de
687 890 847 970 semetipso
866 893 941 955 haec
960 895 1045 956 dicit:

291 967 391 1050 Ὅστις
402 973 537 1057 facitote
546 980 712 1059 trepidem
727 985 835 1064 τέχνην
848 985 982 1068 μεγάλην
996 988 1238 1072 ἐξοικοδομήσας

297 1068 387 1129 Paulo
406 1069 480 1130 inira
498 1081 609 1144 autem,
644 1083 802 1154 postquam
822 1075 991 1156 Aeschylus
1016 1080 1055 1141 de
1078 1083 1160 1158 poesi
1184 1101 1238 1143 sua

218 1157 314 1220 bellici
327 1163 455 1239 impetus
468 1163 554 1243 plena
567 1175 613 1226 est
626 1166 747 1238 locutus,
763 1168 915 1245 Euripides
931 1172 1005 1232 haec
1021 1173 1091 1232 dicit
1105 1193 1132 1238 υ.
1151 1177 1236 1236 1018:

295 1253 347 1314 καί
363 1251 402 1331 δύη
414 1267 508 1336 χοροί
520 1259 608 1320 τουτί
624 1256 662 1321 τύ
677 1256 783 1322 κακόν·
791 1267 990 1339 κρανοποιῶν
997 1255 1035 1326 ού
1041 1259 1235 1344 μ’ἐπιτρίηει.

296 1343 433 1407 Alteram
453 1347 538 1410 huius
551 1368 652 1410 versus
665 1359 781 1430 partem
794 1349 942 1416 ‘eneeabit
963 1373 1010 1416 me
1026 1356 1127 1434 galeas
1143 1377 1236 1436 usque

216 1435 462 1502 commemorans‘
483 1443 657 1519 Droysenus
676 1445 755 1507 haud
782 1448 881 1526 inepte
908 1450 1008 1510 tribuit
1027 1451 1160 1524 Baccho,
1186 1454 1234 1531 qui

216 1529 441 1594 Atheniensium
461 1545 661 1614 repraesentat
679 1541 861 1602 sententiam.
900 1541 1067 1602 Scholiasta
1086 1563 1122 1604 ea
1142 1547 1234 1604 verba

214 1623 259 1682 sic
278 1624 420 1703 explieat:
436 1623 545 1710 ’κράνη
564 1629 615 1692 καί
634 1625 751 1708 λόφους
770 1629 969 1714 δωρούμενος
986 1629 1113 1714 άφανιελ
1129 1659 1166 1718 με
1186 1639 1233 1719 τη·

213 1712 345 1798 πατάγῳ
363 1723 431 1782 τῶν
449 1716 631 1804 όνομάτοτν.’

295 1811 372 1871 Tum
392 1832 419 1874 ν.
443 1816 517 1890 1056
534 1815 689 1894 Euripides
709 1816 782 1878 haec
801 1821 915 1897 quaerit
934 1840 973 1882 cx
993 1818 1160 1900 Aeschylo:

217 1993 224 2006 .
581 1905 621 1991 ἢν
639 1901 698 1973 ούν
715 1909 753 1974 σδ
772 1913 859 1994 λίγης
875 1913 1094 1995 Λυκαβηττοὺς

253 1997 488 2108 κάηαρνασῶν
502 1999 575 2082 ἡμίν
589 2003 712 2084 μεγάλη,
728 2001 813 2068 τοῦτ’
823 2006 888 2070 ioci
897 2006 934 2070 τδ
943 2007 1058 2088 χρηστά
1066 2007 1230 2084 διδάσκειν,

252 2088 506 2172 σιτοδοσίαν
525 2089 741 2174 tremene

639 2186 798 2270 Λλσγύλος.

753 2279 829 2360 ἀλλ’,
848 2273 876 2347 ά
891 2283 1091 2368 κακόδαιμον,
1111 2285 1228 2372 ἀνάγκη

251 2366 394 2449 μεγάλαν
408 2376 539 2452 γνωμῶν
553 2375 606 2436 καί
621 2375 771 2440 διανοιῶν
785 2377 836 2441 luo
850 2381 903 2442 καί
915 2379 954 2443 τά
970 2378 1089 2462 ῥήματα
1103 2385 1227 2446 τίκτειν.

292 2463 474 2541 Lycabettos
503 2485 672 2532 enumerare
699 2480 729 2534 et
756 2473 949 2536 Parnasorum
974 2477 1032 2538 alta
1066 2477 1147 2539 idem
1182 2485 1227 2539 est

209 2557 296 2633 quod
314 2576 342 2620 v.
358 2573 418 2635 929
432 2556 542 2639 ῥήμαθ’
557 2558 760 2642 ίππύκρημνα.
773 2559 989 2644 ’Λνθροιπάως
1003 2569 1102 2642 λέγειν
1120 2578 1227 2641 autem,

209 2647 342 2710 humano
363 2668 444 2712 more
460 2651 548 2728 loqui,
567 2653 744 2716 Frltuschlus
764 2665 843 2718 recte
862 2659 1068 2736 interpretetur
1083 2657 1154 2722 ‘non
1174 2681 1225 2739 pe·

159 2827 163 2834 ¹
206 2741 320 2800 cudum
340 2760 423 2802 more
442 2761 532 2802 sonos
555 2746 655 2806 inanes
674 2749 736 2806 sine
756 2749 861 2808 iudicio
888 2745 1014 2811 fundere’
1046 2761 1077 2812 et
1100 2756 1226 2831 opponlt

206 2829 334 2893 verbum
348 2834 554 2914 χελιδονίζειν,
570 2837 725 2900 barbaram
740 2858 845 2902 vocem
861 2842 996 2904 emittere
1010 2865 1033 2905 s.
1049 2845 1175 2908 obscure
1194 2855 1225 2908 et

205 2924 337 2986 barbare
355 2925 442 3006 loqui.

289 3015 326 3078 V.
350 3035 425 3082 rroo
443 3023 551 3085 chorus
571 3024 643 3087 haec
663 3025 802 3104 loquitur:

324 3111 459 3192 χαλεπόν
478 3101 537 3180 ούν
556 3114 648 3199 ἔργον
668 3118 804 3200 διαιρειν,

326 3201 413 3270 ύταν
431 3204 450 3271 ό
467 3210 539 3289 μίν
562 3213 666 3290 τοίνη
684 3213 828 3288 βιαίας,

245 3291 303 3364 δδ
313 3295 554 3384 ἐπαναστρέφειν
573 3299 703 3386 δύνηται
722 3299 957 3388 κόπερείοεσδαι
975 3313 1083 3391 τορῶς.

286 3393 454 3473 Aeschylus
473 3395 625 3462 contendit
644 3400 753 3474 valide,
781 3403 934 3484 Euripides
957 3406 1075 3468 reiutat-
1090 3416 1120 3469 et
1138 3409 1221 3471 obni-

198 3490 280 3551 titur
297 3491 378 3554 scite

286 3581 345 3646 Ubi
373 3593 440 3648 actu
467 3589 595 3668 septlnm
623 3608 651 3655 υ.
685 3591 874 3672 1261-1369
900 3595 1081 3674 disputatum
1110 3605 1155 3659 est
1182 3599 1219 3659 de

192 3676 291 3740 ebori
307 3680 437 3756 τεοτίαὶι,
452 3681 631 3747 εκίττὶιοιάο
643 3685 726 3764 quasi
741 3689 779 3749 ad
796 3687 885 3751 finem
900 3698 946 3752 est
961 3691 1110 3770 perducta,
1126 3710 1219 3771 neque

1435 3343 1458 3392 ‚

2078 371 2271 434 „25-

1665 538 1736 583 vero
1761 537 1808 581 res
1825 517 1987 580 diiudicata.
2018 515 2103 595 Quae
2119 530 2187 574 cum
2203 512 2244 571 ita
2259 511 2326 579 sint,
2341 507 2520 582 Aeschylus,
2539 505 2589 582 qui
2604 503 2682 564 haud
2724 523 2737 544 ·

1650 614 1722 674 ‘iam
1742 633 1776 674 se
1794 611 1924 673 defendit
1945 611 1997 672 sed
2018 607 2190 686 aggreditur
2209 603 2422 672 adversarium,
2450 599 2619 675 Euripidem
2640 597 2683 655 di·

1665 707 1768 766 verbio
1788 715 1895 766 octavo
1915 701 2132 779 (1378-1499)
2163 698 2244 758 ducit
2267 697 2306 756 ad
2333 695 2483 762 trutinam.
2512 701 2544 750 ut
2570 693 2612 750 sic
2637 688 2684 750 ille

1665 809 1824 878 superetur.
1868 798 1957 875 Quod
1981 797 2102 871 quidem
2126 789 2236 870 puerile
2259 799 2318 854 est.
2343 797 2498 866 poetarum
2525 793 2618 844 artem
2644 784 2684 842 ad

1666 893 1771 953 libram
1791 900 1941 966 tamquam
1962 906 2081 948 caseum
2097 891 2134 962 (ν.
2152 887 2234 961 1369)
2250 883 2356 952 uenire,
2371 883 2435 954 sed,
2450 879 2531 956 quod
2547 876 2683 937 Welclre·

1666 987 1759 1046 masin
1774 984 1944 1059 Aeschylea
1964 981 2095 1057 Trilogia
2115 999 2143 1058 p.
2166 980 2222 1053 526
2241 987 2319 1038 recte
2338 974 2558 1042 animaduertit,
2578 981 2609 1030 ut
2628 969 2683 1030 nlla

1665 1077 1807 1138 eiusmodi
1828 1076 1904 1136 levia
1922 1074 2097 1134 comoediae
2120 1072 2310 1149 aptissimum.
2351 1067 2426 1128 Cum
2450 1076 2549 1126 autem
2573 1071 2683 1123 statera
2706 1137 2707 1142 ἵ

1665 1178 1696 1231 et
1714 1168 1848 1247 pondera
1867 1166 2026 1228 verborum
2046 1164 2264 1226 controversiae
2285 1161 2390 1220 iaciant
2411 1165 2602 1224 momentum.
2621 1153 2682 1214 fieri

1666 1280 1725 1322 non
1744 1268 1856 1339 potest,
1883 1260 1951 1335 quin
1971 1255 2114 1332 Aeschyli
2142 1253 2390 1330 magniloquentia
2410 1250 2560 1310 victoriam
2580 1263 2682 1307 conse·

1665 1362 1771 1431 quatur
1789 1369 1878 1429 quam
1899 1349 2098 1411 clarissimam.

1742 1447 1819 1508 Tum
1840 1447 1880 1506 ab
1893 1442 2097 1522 Aristophane
2112 1442 2347 1520 perstringuntur
2362 1435 2391 1496 hi
2408 1454 2511 1496 versus
2526 1431 2683 1508 Aeschylei

1666 1539 1788 1618 Septem
1808 1553 1847 1612 ην
1867 1557 1917 1600 νεα
2146 1599 2148 1604 ,

1781 1627 1893 1710 ἄνδρες
1910 1629 1968 1710 γάρ
1988 1626 2067 1693 istd
2087 1624 2211 1706 deripier
2231 1625 2401 1706 λοχαγέται,

1782 1713 2130 1803 ταυροσφαγοῦντες
2149 1719 2184 1792 te
2201 1717 2427 1798 μελάνδετον
2447 1711 2561 1786 σάκος

1782 1818 1831 1879 καί
1854 1813 2058 1896 θιγγάνοντες
2075 1814 2157 1895 χερσί
2178 1813 2323 1889 ταυρείου
2342 1807 2453 1888 γόνον,

1666 1923 1713 1988 45.
1746 1923 1747 1928 ’
1781 1906 1852 1991 ’Λρη
1872 1901 1898 1974 τ’
1908 1907 2006 1975 'stood
2025 1909 2075 1972 καί
2095 1908 2279 1986 φιλαίματον
2302 1901 2408 1980 Φόβον

1783 2001 2012 2085 ὡρκωμότησαν
2031 2005 2094 2064 κτλ
2645 2039 2647 2045 ,

1744 2098 1927 2174 Lysistratae
1945 2098 2023 2157 enirn
2044 2114 2071 2156 v.
2096 2095 2150 2156 186
2169 2091 2307 2154 Calonice
2326 2090 2515 2168 Lysistraten,
2534 2087 2654 2165 quodne

1667 2190 1760 2251 iurent
1780 2191 1994 2252 iusiurandum
2016 2189 2148 2250 mulieres
2168 2187 2210 2246 sic
2229 2187 2401 2262 interrogat:

2343 2271 2545 2356 Λυσιστράτη,

1783 2373 1840 2441 τίιί
1862 2369 1959 2456 ὅρκον
1978 2372 2124 2455 δρκιόσεις
2142 2369 2217 2436 ποθ’
2238 2371 2329 2456 ἡμᾶςς

2076 2465 2278 2548 Λυσιστράτη.
2426 2551 2441 2574 ⁰

2423 2576 2544 2626 ourrrm

1783 2659 1825 2730 είς
1841 2649 1957 2729 ἀσπίδ’,
1977 2649 2082 2733 ὥσπερ
2101 2651 2171 2732 prid
2192 2654 2227 2715 iu
2246 2649 2388 2730 Λίσγύλην
2406 2650 2491 2718 ποτά,

1781 2744 2039 2829 μηλοσφαγούσας

1982 2901 1986 2914 ,
2096 2839 2260 2918 Καλονίκη.

2140 2931 2181 3016 μὴ
2201 2927 2274 3006 σύγ),
2294 2919 2322 2992 ol
2343 2923 2545 3006 Λυσιστράτη,

1782 3028 1825 3100 είς
1844 3024 1950 3090 ἀσπίδ’
1973 3024 2086 3106 δμόσης
2103 3027 2199 3106 μηδὲν
2219 3022 2340 3105 οίρηνης
2357 3023 2436 3100 πίρι.

1745 3123 1812 3186 Duo
1833 3123 1921 3202 igitur
1944 3121 1992 3184 hic
2015 3121 2180 3184 obiciuntur
2199 3117 2366 3195 Aeschylo:
2390 3115 2494 3176 miram
2514 3130 2581 3174 eum
2602 3130 2682 3172 usur·

1667 3235 1754 3295 passe
1783 3217 1960 3276 locutionem
1984 3213 2178 3296 δρκωμοτειν
2200 3211 2491 3292 ταυροσηαγυύντας
2516 3204 2549 3279 te
2575 3201 2681 3284 μολόν·

1668 3311 1759 3376 όετον
1778 3307 1872 3385 σάκος
1891 3319 1921 3374 et
1941 3329 2058 3390 semper
2076 3309 2203 3372 Martem
2222 3308 2333 3369 habere
2352 3305 2381 3366 in
2400 3323 2459 3366 ore.

1744 3405 1878 3482 Denique
1905 3403 2049 3482 Aeschyli
2084 3404 2220 3466 dictionis
2250 3400 2438 3480 asperitatem
2466 3391 2681 3474 Aristophanes

1667 3500 1764 3562 durius
1792 3499 1836 3561 his
1864 3498 2039 3578 significavit
2067 3498 2165 3562 verbis
2192 3531 2231 3545 -
2257 3495 2467 3574 Aristophanis
2493 3491 2548 3568 irg.
2573 3487 2681 3566 526-r

1669 3589 1759 3675 Οδμαι
1777 3591 1835 3672 γδρ
1856 3589 1955 3655 αύτδν
1977 3589 2107 3657 κόλλοπι

1666 3685 1807 3752 ίοικάναα
