5710 4266
641 373 831 436 ..50..

303 503 499 568 Pulcherrima
517 527 588 568 saue
608 509 652 568 iris
667 511 765 572 verbis
781 513 843 574 laus
858 523 968 590 poetae
983 517 1091 578 dilecto
1107 522 1242 581 tribuitur

134 607 137 614 ·
223 593 263 652 ab
283 592 386 656 inieris.
426 597 507 658 Idem
526 601 652 660 sensisse
671 603 760 662 etiam
780 605 864 665 vivos
883 606 1074 685 Aristophani
1103 613 1241 688 aequales

224 681 293 743 inde
310 695 450 762 apparet,
472 690 552 764 quod
574 692 705 750 maximo
725 693 826 770 plausu
846 705 876 757 et
895 697 1025 759 clamore
1040 700 1239 765 Athenienses

221 779 369 850 prosecuti
384 789 453 838 sunt
467 779 614 842 Rurarum
629 785 814 846 comoediam
830 786 984 866 ipsumque
997 791 1239 872 Aristophanem.

222 869 334 946 quippe
360 872 409 945 qul
434 872 547 948 optime
579 884 725 937 certamen
756 887 910 954 poetarum
934 884 1112 960 tragicorum
1139 896 1170 948 et
1198 889 1238 947 ln·

224 960 367 1022 stituisset
387 969 418 1021 et
438 964 659 1035 diiudicavisset.
678 987 796 1030 summo
815 971 973 1035 affecerunt
992 979 1133 1052 praemio.

2005 1007 2184 1140 νιΤΑ.

1661 1312 1754 1372 Natus
1781 1329 1847 1372 sum
1867 1311 1974 1370 Paulus
1994 1309 2114 1387 Hennig
2137 1329 2214 1370 nnno
2241 1285 2421 1372 tibicen.
2447 1332 2473 1374 a.
2500 1317 2528 1375 d.
2548 1313 2601 1376 tv.

1583 1405 1650 1464 Kal.
1670 1404 1764 1464 Maias
1783 1403 2097 1480 Franlrenbergae
2121 1403 2275 1464 Saxonum
2299 1413 2383 1481 patre
2410 1405 2525 1478 tlaxio,
2551 1409 2599 1484 qui

1585 1497 1664 1574 apud
1692 1495 1990 1571 Frankenbergenses
2022 1504 2054 1555 et
2081 1495 2345 1572 Saxenburgenses
2372 1498 2483 1558 vicinos
2518 1499 2599 1559 verbi

1583 1588 1673 1648 divini
1697 1588 1749 1648 iuit
1773 1591 1928 1666 interpres,
1953 1598 2046 1648 matre
2065 1588 2205 1648 Therasia
2228 1608 2247 1647 e
2265 1598 2354 1665 gente
2373 1587 2599 1651 Griesltammor.

1582 1681 1666 1741 Fidei
1688 1699 1754 1741 sum
1777 1681 1913 1741 addictus
1938 1680 2133 1759 evangelicae.
2178 1681 2281 1741 Infanti
2309 1684 2511 1760 duodeviginti
2540 1683 2599 1745 iere

1583 1794 1698 1835 menses
1732 1783 1802 1835 nato
1834 1785 1952 1853 ereptus
1985 1775 2054 1835 mihi
2089 1785 2134 1835 est
2165 1784 2250 1853 pater
2282 1786 2378 1836 morte
2405 1788 2596 1855 praematura

1583 1867 1700 1927 Nullum
1717 1868 1765 1928 ilie
1781 1866 1895 1943 reliquit
1911 1869 2127 1946 patrimonium.
2152 1870 2223 1928 inde
2238 1887 2356 1928 omnem
2371 1870 2597 1931 adulescentiam

1582 1961 1681 2039 peregi
1695 1962 1722 2020 in
1739 1979 1854 2020 summa
1870 1970 2012 2038 egestate,
2028 1980 2104 2039 quae
2119 1961 2264 2022 interdum
2280 1971 2360 2021 tanta
2376 1971 2445 2032 erat,
2461 1971 2492 2021 ut
2508 1982 2598 2040 saepe

1580 2072 1674 2130 paene
1693 2073 1742 2115 me
1762 2057 1853 2114 vitam
1874 2065 2038 2116 sustentare
2058 2075 2146 2134 posse
2166 2058 2360 2133 desperarem.

1660 2147 1763 2207 Primis
1782 2149 1902 2225 quidem
1919 2149 2081 2209 litterarum
2099 2147 2250 2209 elementis
2266 2149 2412 2208 institutus
2427 2167 2492 2208 sum
2508 2149 2598 2208 Fran·

1402 2255 1408 2288 r
1522 2313 1525 2319 ι
1580 2237 1749 2316 lrenbcrgae
1768 2257 1787 2298 a
1807 2241 1941 2302 Roberto
1966 2241 2126 2303 Sehmeilio
2151 2243 2354 2318 potissimum,
2382 2241 2439 2300 iudi
2468 2241 2596 2300 litterarii

1392 2311 1398 2332 ⁶
1579 2339 1701 2395 rectore.
1730 2332 1786 2392 Per
1801 2341 1940 2409 quattuor
1956 2332 2015 2394 lere
2035 2352 2127 2393 annos
2147 2335 2214 2392 inde
2238 2352 2256 2392 a
2279 2333 2394 2392 deo'nro
2417 2333 2494 2392 vitae
2513 2350 2597 2392 meae
2726 2382 2732 2389 .

1579 2443 1656 2486 anno
1676 2427 1821 2503 usquead
1842 2427 1989 2488 decimum
2009 2438 2154 2505 quartum,
2175 2428 2252 2487 adeo
2272 2423 2401 2486 infirmus
2420 2443 2500 2486 eram
2520 2425 2596 2486 vale·

1578 2522 1686 2586 tudine.
1707 2528 1739 2581 ut
1758 2521 1884 2598 publicis
1903 2521 2011 2582 scholis
2031 2522 2171 2582 interesse
2191 2539 2250 2580 non
2271 2538 2397 2598 possem.
2436 2519 2595 2596 Postquam

1577 2631 1617 2672 ex
1633 2631 1669 2672 eo
1678 2613 1785 2674 morbo
1798 2614 1979 2690 aliquatenus
1992 2614 2133 2684 convalui,
2146 2613 2283 2674 Grimae
2299 2611 2432 2674 aCarolo
2440 2612 2596 2673 Sehieelrio

1577 2706 1707 2778 amitino,
1715 2707 1833 2767 xhohe
1840 2707 1975 2786 publicae
1991 2717 2111 2778 rectore,
2130 2707 2306 2785 aliquamdiu
2320 2707 2425 2766 artium
2434 2704 2594 2766 liberalium

1576 2797 1729 2859 elementis
1754 2799 1883 2860 eruditus
1910 2820 1983 2860 sum.
2027 2801 2104 2861 Tum
2133 2820 2185 2878 per
2213 2801 2363 2861 triennium
2384 2798 2593 2874 Altenburgi

1577 2889 1718 2952 Eduardo
1736 2892 1842 2954 Fossio
1875 2903 1989 2956 rectore
2021 2893 2199 2970 frequentavi
2236 2894 2421 2970 gymnasium
2449 2891 2591 2951 Friederi·

1577 2985 1700 3046 alanum.
1745 2984 1891 3062 Sperans,
1926 3005 1975 3046 me
1999 2987 2043 3047 sic
2066 2985 2186 3047 celerius
2213 2986 2357 3062 gymnasii
2385 3001 2501 3044 cursum
2528 3001 2594 3044 esse

1576 3077 1786 3150 absoluturum,
1803 3080 1901 3140 relicta
1918 3099 1953 3141 ea
1972 3079 2075 3140 schola
2095 3082 2123 3139 io
2148 3097 2269 3157 regnum
2289 3076 2441 3138 Saxonum
2460 3095 2594 3137 reversura

1575 3173 1721 3247 gymnasii
1738 3172 1794 3232 Fri
1804 3173 1997 3250 bergensis
2014 3173 2106 3234 iactus
2122 3192 2186 3232 sum
2202 3172 2340 3231 alumnus
2364 3169 2416 3230 Cui
2436 3171 2592 3248 gymnasio

1576 3263 1736 3322 clarissimo
1770 3285 1823 3342 per
1858 3275 1973 3344 septem
2007 3269 2172 3343 adscriptus
2207 3263 2244 3323 iui
2281 3265 2433 3324 semestris
2463 3262 2592 3322 Aemilio

1479 3365 1481 3372 ’
1576 3355 1718 3416 Muellero
1738 3387 1778 3402 -
1796 3377 1872 3418 nunc
1891 3357 2037 3420 Grimensi
2057 3391 2096 3404 -
2116 3367 2237 3424 rectore,
2264 3355 2399 3416 Roberto
2419 3355 2539 3417 Brausio
2558 3363 2589 3416 et
2638 3409 2640 3417 .

1575 3446 1678 3508 Martio
1697 3447 1800 3508 Erlero
1822 3481 1856 3495 -
1877 3470 1954 3511 nunc
1974 3451 2137 3530 Cycneensl
2156 3481 2195 3496 -
2214 3448 2437 3528 professoribus.

1652 3539 1830 3602 Maturitatis
1857 3545 1994 3604 examine
2021 3545 2157 3604 absoluto
2182 3542 2249 3602 beili
2277 3543 2352 3602 iliius
2379 3549 2439 3600 um
2469 3538 2588 3617 gloriosi

1573 3650 1662 3706 quam
1682 3633 1845 3709 periculosi,
1865 3638 1946 3711 quod
1974 3637 2057 3695 annis
2075 3631 2300 3695 MDCCCLXX
2326 3643 2357 3694 et
2380 3629 2588 3692 Mocccxtu
