5710 4266
1902 1227 2275 1316 PRAEFATIO.

1662 1539 1877 1616 Aristophanes
1893 1548 1925 1598 ut
1941 1557 2045 1598 omnes
2063 1539 2122 1598 lere
2139 1539 2246 1598 veteris
2262 1537 2435 1598 comoediae
2442 1538 2599 1612 scriptores

1584 1633 1706 1690 ridendo
1727 1651 1826 1692 verum
1848 1633 1945 1692 dicere
1964 1634 2082 1694 studuit.
2122 1631 2166 1690 Ea
2186 1633 2303 1707 quidem
2331 1631 2474 1690 sententia
2500 1630 2600 1706 apin·

1583 1725 1661 1783 nmis
1683 1725 1770 1782 hodie
1790 1725 1934 1800 probatur
1955 1743 2049 1799 neque
2069 1743 2156 1796 vero,
2182 1727 2211 1782 id
2232 1725 2312 1800 quod
2333 1723 2404 1782 inira
2424 1723 2599 1792 videbimus,

1583 1817 1623 1876 ab
1643 1817 1778 1875 omnibus
1799 1819 1866 1875 viris
1885 1819 1993 1876 doctis.

1660 1911 1799 1985 Optimus
1823 1918 1922 1968 autem
1947 1910 2124 1986 reipublicae
2149 1919 2243 1968 status
2269 1909 2459 1985 Aristophani
2484 1910 2508 1966 is
2533 1929 2599 1968 esse

1494 2077 1497 2086 γ
1582 2004 1742 2071 videbatur.
1759 2005 1806 2079 qui
1824 2011 1885 2062 erat
1902 2012 2038 2080 tempore
2055 2021 2170 2079 pugnae
2187 2002 2396 2061 Marathonian.
2424 2002 2598 2061 Recentiora

1582 2097 1678 2155 studia
1698 2095 1905 2155 contemnebat
1922 2095 2151 2171 Aristophanes,
2171 2095 2263 2156 immo
2283 2095 2392 2172 passim
2412 2113 2499 2170 quant
2520 2113 2599 2153 acer·

1582 2189 1701 2248 bissima
1729 2197 1898 2264 persecutus
1928 2197 1973 2247 est
2001 2190 2139 2249 irrisione.
2184 2188 2280 2247 Veluti
2305 2189 2352 2247 ille
2378 2187 2597 2246 Atheniensium

1582 2282 1772 2357 cupiditatem
1789 2281 1879 2340 litium
1896 2281 1924 2340 in
1941 2281 2047 2359 Vespis
2066 2291 2095 2341 et
2112 2283 2252 2341 Cleonem
2272 2291 2360 2358 atque
2380 2299 2500 2340 omnent
2521 2281 2598 2338 illam

1581 2377 1805 2435 immoderatam
1830 2375 1924 2451 plebis
1940 2376 2170 2434 dominationem
2188 2377 2215 2434 in
2230 2375 2383 2451 Equitibus
2404 2375 2537 2442 vexavit,
2555 2373 2597 2432 sic

1581 2469 1669 2527 etiam
1698 2467 1847 2529 Melonem
1877 2468 2116 2528 mathematicum
2147 2468 2173 2528 in
2199 2467 2308 2528 Auium
2333 2487 2360 2527 ν.
2383 2483 2439 2544 99²
2464 2487 2512 2536 ss..
2538 2464 2593 2526 So·

1512 2549 1517 2564 ’
1581 2570 1691 2621 cratem
1711 2573 1742 2622 et
1762 2560 1908 2637 sophistas
1929 2565 1957 2621 in
1978 2561 2120 2630 Nubibus,
2140 2563 2316 2639 Euripidem,
2336 2564 2384 2638 qui
2405 2559 2592 2637 sophisticam

1581 2652 1608 2711 in
1629 2655 1794 2728 tragoedias
1814 2671 1882 2712 suas
1902 2657 2046 2714 transtulit
2066 2657 2228 2714 doctrinam
2250 2656 2277 2712 in
2300 2655 2398 2715 Ranis.

1560 2795 1569 2814 ,
1658 2745 1699 2805 Ut
1727 2747 1754 2802 in
1787 2745 1843 2803 hoc
1871 2746 1973 2804 ultimo
2001 2748 2204 2814 immoremur,
2239 2755 2302 2804 tota
2330 2745 2419 2804 altera
2445 2746 2590 2803 Ranarunr

1580 2857 1647 2915 pars
1664 2837 1731 2896 nihil
1747 2835 1806 2896 lere
1823 2839 1953 2899 continet
1972 2841 2024 2899 nisi
2042 2838 2249 2916 Aristophanis
2266 2840 2304 2897 de
2318 2840 2469 2914 tragoedia
2483 2839 2594 2906 iudicia,

1580 2933 1753 3007 quaequod
1774 2931 1870 2990 adhuc
1889 2941 2005 2992 servata
2024 2942 2105 3006 sunt,
2133 2934 2274 2992 habemus
2299 2951 2350 2991 cur
2374 2933 2476 2992 litteris
2496 2940 2593 3006 gratu·

1579 3022 1677 3084 lemur.
1717 3021 1793 3082 Nam
1821 3025 1884 3083 sine
1913 3023 2003 3084 dubio
2027 3044 2157 3086 summus
2181 3034 2269 3103 poeta
2292 3045 2310 3084 a
2335 3025 2411 3084 nullo
2435 3024 2531 3101 aptius
2552 3025 2593 3082 in-

1579 3116 1678 3193 tellegi
1698 3125 1727 3175 et
1748 3115 1865 3176 iudicari
1886 3127 1984 3194 potest
2004 3137 2091 3195 quam
2116 3119 2155 3179 ab
2179 3119 2236 3179 alio
2261 3119 2390 3180 eiusdem
2415 3116 2592 3177 auctoritatis
2636 3152 2640 3158 ι

1579 3219 1675 3286 poeta,
1695 3213 1866 3287 praesertim
1886 3212 1910 3269 si
1932 3209 2015 3271 luerit
2035 3213 2165 3272 eiusdem
2187 3212 2246 3272 lere
2266 3212 2414 3287 temporis.

1657 3304 1744 3362 Haud
1773 3303 1883 3363 facilem
1912 3323 1977 3364 esse
2003 3308 2151 3365 materiam
2180 3309 2358 3381 tragicorum
2381 3311 2535 3364 censuram
2551 3307 2589 3380 ‘in

1579 3397 1741 3469 comoedia,
1757 3415 1832 3472 quae
1849 3399 1979 3455 maxime
1994 3407 2139 3473 spectaret
2152 3401 2189 3456 ad
2207 3401 2382 3458 atrdientium
2399 3395 2590 3474 voluptatem.

1580 3489 1642 3567 ipse
1662 3489 1875 3566 Aristophanes
1896 3488 1972 3549 bene
1992 3493 2090 3560 sensit,
2110 3492 2138 3550 id
2159 3493 2238 3568 quod
2259 3491 2326 3550 inde
2346 3499 2478 3568 apparet,
2501 3490 2590 3566 quod,

1578 3592 1733 3658 antequam
1762 3583 1799 3642 ad
1829 3583 1923 3658 ipsum
1953 3592 2100 3644 certamen
2126 3585 2241 3651 transit,
2269 3585 2434 3643 auditorum
2463 3583 2588 3642 beneuo-

1580 3675 1696 3735 lentiam
1717 3675 1773 3734 hoc
1794 3675 1884 3734 modo
1903 3684 2002 3752 captat
2024 3676 2095 3738 Ran.
2116 3693 2141 3734 v.
2166 3689 2364 3751 trop—trip

2407 3778 2415 3813 l
