5710 4266
680 269 873 340 ..4⁶-

272 421 375 498 Neque
394 423 471 482 enim
491 423 637 500 pecuniae,
657 437 732 496 quae
751 421 902 496 capiuntur
921 439 960 480 ex
980 419 1111 494 navibus,
1130 436 1283 496 opponun-

203 579 207 586 ,
271 521 319 574 tur
337 513 400 576 aliis
419 514 555 593 pecuniis.
575 512 628 573 sed
648 530 721 590 opes
749 513 789 572 rel
816 510 949 590 publicae
967 509 1146 588 privatorum
1170 510 1285 588 opibus,

271 624 345 682 qens
371 623 609 683 unumquemque
635 605 746 681 patriae
773 604 878 664 deceat
905 604 1060 663 deuouere.
1114 603 1216 680 ltaque
1242 603 1284 662 sic

271 706 368 759 serto:
387 717 460 777 opes
479 716 545 758 esse
564 715 661 766 naves,
678 697 805 774 inopiam
825 705 923 757 autem
943 713 1026 772 opes.

350 790 484 868 Denique
517 789 670 867 quomodo
704 789 870 850 educaverit
901 786 1070 865 Aeschylus
1102 786 1180 848 cives
1214 803 1284 846 suos

272 884 419 944 Rariarum
433 883 503 942 locis
517 883 734 942 demonstratur
748 890 826 944 octo.
845 882 979 959 Quorum
993 880 1108 940 duobrrs
1116 878 1284 955 Aeschylus

272 975 498 1056 reprehenditur.
528 973 574 1036 Ac
593 976 690 1054 priore
708 975 828 1051 quidem
848 973 916 1034 loeo
931 973 1082 1052 Euripides
1102 973 1175 1033 haec
1194 971 1286 1050 loqui·

271 1077 321 1129 Μ
338 1086 366 1129 v·
383 1069 551 1144 ⁹⁶⁴-9572

388 1187 500 1263 radon
519 1189 553 1252 dl
572 1188 647 1262 τούς
665 1187 782 1252 τούτου
796 1209 831 1252 τε
846 1185 963 1268 κάμούς
978 1185 1123 1266 λκατίρου
1134 1182 1285 1267 μαθητάς.

390 1282 572 1362 τουτουμενὶ
593 1283 758 1362 &oppletae
777 1276 964 1359 Μεγαίνετός
983 1275 1014 1342 θ’
1026 1277 1171 1360 ὁλάονής,

391 1369 774 1456 σαλπιγμολοηηυπηνάάαι,
793 1369 1185 1454 σαρκασμοπιτυοκάμπται

352 1497 459 1558 Altero
481 1507 579 1559 autern
604 1497 670 1557 looo
689 1498 829 1568 Bacchus,
851 1505 1008 1574 postquam
1033 1496 1185 1573 quomodo
1203 1493 1287 1556 Euri·

274 1591 359 1670 pidea
386 1591 553 1652 educaverit
579 1588 776 1651 Athenienses
802 1591 961 1661 murravit,
988 1589 1026 1649 de
1046 1585 1185 1664 Aeschyli
1212 1595 1288 1647 tem·

275 1682 396 1763 potibus
415 1683 488 1746 haec
507 1693 606 1744 «Μελ
625 1701 653 1746 ν.
670 1685 838 1760 989-9912

549 1807 626 1880 τέως
645 1801 935 1885 δ’άβελτεράτοτοι,

553 1895 716 1980 κεχηνότες
734 1896 942 1979 μομμάκυθοι,

595 1992 764 2073 palefridus
783 1995 935 2074 καθῆντο.

353 2115 531 2177 Phomalsius
557 2117 676 2194 quidem
703 2117 781 2178 idem
808 2125 870 2187 eat,
903 2117 983 2177 cuius
1010 2116 1120 2177 mentio
1148 2113 1182 2176 fn
1208 2116 1289 2192 apud
1327 2099 1330 2109 ¹

276 2208 463 2271 Athenaeum
486 2225 509 2271 r.
530 2228 558 2289 p.
580 2221 631 2286 §or
654 2211 700 2270 ed.
723 2211 810 2273 Dind.
830 2211 907 2287 (229)
931 2207 994 2270 hoc'
1015 2211 1123 2270 mod0=
1150 2205 1285 2272 Πλάτων
1418 2295 1422 2304 ι
1487 2237 1492 2248 ·

214 2367 223 2380 ,
276 2297 353 2368 δ’λν
370 2301 528 2382 Πρέσβεσιι

392 2427 562 2504 κατέλαβον
579 2423 756 2510 Ἐπικράτης
774 2449 808 2492 τι
827 2429 879 2493 καλ
900 2428 1065 2508 Φορμλσιος

391 2519 475 2602 παρὰ
494 2525 552 2584 τοῦ
570 2523 717 2598 βασιλέως
734 2527 861 2587 πλεῖστα
881 2519 1132 2605 δωροδοκήματα,

391 2611 530 2694 deltiana
546 2619 642 2697 χρυσᾶ
657 2617 708 2680 καὶ
726 2617 927 2689 πινακίσκους
947 2611 1106 2696 ἀργυροῦς.

357 2725 472 2786 Deinde
499 2727 539 2785 de
565 2727 672 2786 endem
695 2727 724 2786 br
747 2727 881 2802 Dionysii
900 2725 1161 2787 Halicamassensis
1181 2725 1293 2787 iudicio

273 2819 314 2880 de
334 2815 423 2896 Lysia
441 2837 466 2880 c.
487 2831 524 2894 32
544 2817 617 2880 baec
636 2827 798 2882 narrantum
821 2815 986 2900 Φορμίσιός
1002 2840 1050 2894 τις
1073 2822 1139 2884 τῶν
1162 2836 1292 2904 σεηικοτ·

273 2907 437 2976 maror
455 2907 533 2991 μετά
554 2916 613 2976 τοῦ
638 2909 737 2993 άήμου
762 2913 888 2991 (triginta
908 2915 1038 2991 tyrannis
1057 2913 1196 2994 expulsis)
1215 2911 1292 2996 yuui-

275 3023 338 3085 μην
357 3000 537 3087 εἰσηγήσατο
557 3003 632 3079 τούς
649 3003 821 3088 φεύγοντας
839 3009 984 3072 κατιέναι.

354 3095 432 3157 Tum
461 3095 757 3176 Schweighaeuserus
783 3103 821 3161 ad
849 3101 927 3161 hunc
953 3101 1146 3162 Phormisium
1180 3103 1291 3163 rettulit

277 3187 430 3249 Philetseri
466 3208 484 3251 e
518 3193 670 3252 comoedia
699 3193 830 3273 Κυιηηλς
864 3191 960 3254 locum
995 3195 1075 3272 apud
1101 3193 1289 3256 Athenaeum

281 3295 324 3358 ¹3,
345 3293 403 3358 §70
420 3301 443 3342 Ι.

392 3393 510 3454 Παῦσαι
529 3393 629 3472 γέρων
647 3375 786 3466 ω”υτοίς
805 3390 948 3473 τρόπους.
969 3389 1027 3456 οὐκ
1047 3369 1128 3457 ololl’
1144 3375 1201 3458 ¹bre

363 3567 381 3580 ι
393 3477 519 3566 ἥδιστόν
537 3483 622 3547 ἔστιν
636 3481 810 3550 deotmaro
827 3481 971 3562 βινοῦνθ’
994 3479 1071 3567 ἄμας

393 3568 496 3656 ὥσπερ
514 3577 655 3656 λέγουσιν
674 3573 848 3641 άποθαυειυ
868 3579 1044 3659 Φορμλσιυν.

2070 279 2262 342 -n-

1736 427 1871 503 Denique
1890 423 2048 484 scholiasta
2067 422 2105 480 ad
2126 417 2280 494 Aristoph.
2308 417 2380 476 Ran.
2406 433 2433 475 v.
2455 415 2511 488 965
2544 413 2612 486 (996
2630 430 2675 488 ap.

1660 520 1758 594 Dind.)
1778 517 1851 578 haec
1870 517 1993 577 adnotat
2012 513 2051 572 de
2071 510 2202 572 nroribus
2216 507 2368 568 Phormisii
2387 513 2418 564 et
2438 503 2525 563 iacies
2545 500 2678 581 Μιλησία

1660 628 1753 693 φησιν
1771 603 1821 673 ὅτι
1843 609 2009 688 Φορμλσιος
2027 601 2191 683 δραστικὸς
2213 593 2253 682 air·
2279 600 2328 662 arni
2358 595 2417 678 τήν
2435 595 2536 676 κάμην
2556 596 2679 672 τριήεοι·

1660 704 1713 767 καὶ
1731 698 1864 780 φοβερὸς
1882 699 1988 761 doxain
2002 693 2088 760 εἶναι.
2109 693 2160 756 dari
2178 693 2229 755 aral
2247 687 2402 770 Αἰσχύλου
2419 685 2565 768 μαθητήν
2582 683 2681 748 nitria·

1661 813 1754 877 φησιν
1773 790 1860 858 εἰναι.
1879 789 1981 868 βαθὺς
1999 787 2105 871 {danda
2123 787 2193 847 dicit
2211 785 2370 846 scholiasta
2389 781 2502 843 Eccles.
2516 795 2550 858 91
2571 784 2616 856 (97
2633 799 2680 857 ap.

1662 890 1763 964 Dind.)
1783 897 1814 948 et
1833 887 1881 946 hic
1900 885 2023 946 coniecit
2042 881 2195 956 Kusterus]
2217 879 2249 941 di
2270 869 2310 959 ήυ
2334 876 2384 939 arni
2410 875 2513 938 καλλει
2540 871 2597 935 τὸν
2615 870 2680 935 nni·

1664 1002 1757 1055 νωνα.
1776 979 1969 1059 κωμῳόειται
1990 976 2024 1037 dl
2043 973 2095 1036 aral
2115 972 2159 1044 ric
2178 971 2378 1050 άονροάοκλου.

1741 1071 1857 1151 Quibus
1876 1089 1943 1132 cum
1963 1065 2137 1130 testimoniis
2157 1064 2310 1124 extremis:
2330 1095 2370 1108 -
2385 1068 2414 1121 ct
2431 1058 2573 1119 hirsutum
2593 1055 2682 1118 luisse
2707 1075 2712 1086 ·

1665 1164 1858 1224 Phormisium
1882 1178 2036 1236 cunnoquc
2058 1160 2191 1218 deditum
2211 1187 2250 1200 -
2269 1155 2382 1232 optime
2406 1158 2570 1228 congruunt
2590 1149 2681 1209 nnn.

1668 1255 1781 1317 Eccles.
1801 1275 1828 1317 υ.
1848 1257 1887 1330 89
1905 1273 1944 1313 ss.
1965 1259 2011 1328 (95
2033 1253 2092 1324 aa),
2112 1249 2162 1308 ubi
2182 1249 2349 1322 Praxagora
2369 1245 2427 1304 hoc
2446 1243 2588 1318 loquitur:

1781 1343 1901 1411 οὐκοῦν
1920 1341 2001 1407 καλά
2021 1339 2046 1422 7²
2056 1339 2098 1404 liv
2115 1337 2281 1418 πάθοιμεν,
2300 1336 2327 1399 ελ
2344 1333 2461 1417 πλήρης
2479 1331 2568 1412 τάχος

1782 1439 1801 1504 ri
1821 1441 1916 1520 όήριος
1935 1431 1988 1508 niu,
2007 1429 2132 1499 κᾶπειθ’
2153 1425 2376 1512 ὑπιηλολιυισά
2397 1450 2445 1500 τις

1782 1529 2013 1610 ἀναβαλλομένη
2032 1529 2137 1603 ὁελξειε
2157 1523 2215 1587 τὸν
2235 1524 2405 1602 ρορμλσιον.
2479 1560 2482 1566 -

1743 1627 1824 1688 liene
1851 1625 1898 1685 hic
1929 1622 2028 1683 scribit
2054 1619 2215 1680 hicinelrius
2246 1617 2409 1696 ηοημλσιον
2437 1613 2533 1674 littera
2564 1612 2682 1682 minuta,

1668 1739 1735 1782 cum
1763 1739 1802 1779 ex
1830 1719 1948 1777 nomine
1975 1714 2096 1793 proprio
2124 1711 2231 1770 iactum
2260 1711 2297 1768 sit
2326 1725 2435 1768 nomen
2466 1705 2683 1783 appellativum.

1668 1811 1833 1874 Scholiasta
1848 1811 1886 1870 ad
1903 1809 1931 1870 h.
1947 1807 1965 1870 l.
1982 1809 2105 1868 adnotat
2124 1809 2195 1864 hoc:
2214 1801 2264 1864 arni
2281 1789 2375 1871 οὗτος
2390 1799 2575 1879 (Φορμίσιος)
2588 1794 2684 1868 duola

1669 1897 1715 1985 ήν.
1741 1904 1908 1967 ulularum
1933 1899 1971 1962 τὸ
1995 1908 2174 1980 γυναικεῖον
2193 1893 2322 1956 nldntou.
2339 1923 2379 1937 -·
2390 1924 2430 1936 -
2445 1891 2580 1950 Eundem
2593 1889 2684 1948 l‘hor·

1670 2001 1745 2060 misil
1759 1997 1883 2058 nominis
1900 2013 1984 2055 usum
1993 1992 2121 2053 affirmat
2132 1989 2297 2065 Hesychius
2312 2005 2335 2050 s.
2344 2005 2371 2048 v.
2387 1979 2610 2063 Ἀριστόδημος,
2624 2003 2684 2060 qun

1670 2099 1747 2152 teste
1767 2091 1872 2151 comici
1892 2087 2073 2166 φορμισλυυς
2091 2081 2217 2162 ηέλεηον)
2237 2077 2276 2141 τὰ
2296 2087 2452 2159 yconomo
2471 2075 2581 2137 nidntn.

1747 2185 1795 2245 De
1813 2183 1992 2260 Megaeneto
2020 2186 2120 2239 autem
2144 2174 2256 2236 scholia
2279 2169 2365 2232 adh
2385 2169 2403 2230 l.
2423 2169 2571 2246 explicant
2599 2169 2683 2229 haec:

1672 2275 1902 2357 ὁλλεηαλνετυς,
1919 2267 1970 2337 ὅτι
1983 2267 2020 2337 or‘·
2033 2267 2161 2342 πάντας
2178 2265 2332 2347 βάρβαρος
2350 2259 2413 2327 ἀλλ’
2434 2259 2622 2343 immaturae
2633 2261 2686 2324 καλ

1672 2367 1729 2436 oria
1752 2367 1881 2442 ἀστεῖος.
1915 2363 2056 2446 αὐθάδης
2089 2363 2123 2426 it
2143 2351 2238 2433 οὗτος
2259 2360 2309 2422 καλ
2337 2360 2403 2420 τῶν
2428 2352 2687 2436 στρατηγιώντων

1670 2461 1736 2529 ἐστι’
1762 2465 1815 2527 καλ
1841 2457 1941 2535 άλλως
1967 2453 2092 2540 θρασάς.
2145 2455 2219 2517 Fere
2252 2453 2330 2515 ldem
2361 2451 2449 2514 tradit
2476 2447 2583 2512 Suidas
2609 2471 2633 2510 a
2658 2468 2685 2506 u.

1672 2560 1868 2640 Μεγαλνετος.
1899 2557 1932 2618 Si
1948 2555 2063 2635 quaeris
2076 2555 2114 2613 de
2129 2549 2308 2628 cognomine
2320 2544 2496 2623 Megaoneti,
2509 2543 2686 2605 Fritesclrius

1672 2663 1702 2716 et
1721 2653 1854 2714 Koclrius
1874 2659 1995 2713 censent
2013 2649 2220 2727 Megaenetum
2240 2639 2299 2704 riu
2319 2641 2431 2705 Μανῖυ
2450 2637 2591 2718 appellari
2615 2635 2684 2698 inlu»

1671 2747 1755 2808 licem
1774 2746 1936 2808 aleatorem
1956 2751 1987 2804 et
2002 2743 2114 2820 opponi
2133 2735 2309 2800 Theramcni
2329 2751 2445 2812 semper
2460 2731 2534 2792 lolici
2555 2736 2591 2803 (u.
2608 2735 2686 2808 9702.

1672 2841 1777 2919 Neque
1795 2847 1895 2901 tamen
1915 2839 1986 2900 certi
2005 2837 2165 2915 quidquam
2184 2833 2223 2892 de
2246 2829 2303 2890 hoc
2322 2829 2440 2888 nomine
2466 2833 2511 2885 est
2537 2826 2685 2884 traditum.

1673 2931 1829 3011 Utcunque
1859 2951 1906 2994 res
1938 2950 2004 2992 sese
2035 2929 2139 2999 habet,
2173 2925 2320 2986 comicum
2351 2921 2398 2982 hic
2427 2919 2560 2980 homines
2596 2919 2687 2990 tubis,

1673 3027 1780 3098 hastis,
1803 3026 1903 3087 barbis
1918 3026 2069 3095 horridos,
2088 3023 2138 3100 qui
2157 3017 2338 3081 amarulenta
2358 3015 2416 3076 risu
2440 3011 2541 3074 Sinnin
2560 3010 2687 3072 referunt

1672 3151 1711 3164 -
1731 3119 1767 3182 cl.
1791 3119 1847 3181 Ου.
1870 3117 1942 3178 Met
1967 3131 1994 3194 7,
2016 3131 2083 3190 44¹·
2106 3114 2178 3174 Plut.
2206 3111 2295 3172 Thes.
2325 3111 2351 3170 8.
2377 3139 2415 3152 -
2443 3112 2474 3165 et
2495 3104 2685 3182 stupidissimi

1672 3210 1912 3287 stolidissimlque
1935 3210 2051 3280 sedent,
2075 3207 2193 3267 obicere
2216 3199 2368 3275 Aeschylo
2388 3195 2545 3276 discipulos
2564 3205 2686 3257 constat

1672 3303 1794 3364 Minime
1826 3304 1914 3380 igitur
1944 3301 2159 3380 Aristophanes
2192 3315 2231 3358 ex
2265 3293 2344 3354 omni
2375 3299 2459 3368 parte
2491 3292 2687 3368 patrocinatur

1672 3395 1855 3474 temporibus
1884 3395 2103 3466 vetustioribus,
2137 3391 2191 3453 sed
2220 3390 2359 3449 hactenus
2386 3390 2511 3454 tantum,
2545 3390 2686 3459 quatenus

1673 3507 1708 3548 ea
1728 3487 1823 3547 minus
1847 3506 1935 3565 quam
1959 3496 2066 3565 postea
2101 3490 2238 3562 corrupta
2262 3480 2349 3540 luisse
2367 3477 2484 3537 comino
2509 3473 2687 3542 videbantur,

1674 3579 1827 3658 praeponit
1850 3598 1887 3639 aa
1909 3587 2045 3657 tempora
2069 3577 2281 3658 posterioribus
2304 3579 2335 3632 et
2356 3567 2539 3644 Aeschylum
2567 3563 2687 3624 omnino
