5710 4266
317 535 558 618 όηέκρημνον
576 535 608 599 ολ
626 531 769 616 πόλισμα,

318 623 483 692 Καυκάσου
502 623 608 702 πόλεις,
630 627 787 707 νέμονται,
806 630 871 690 κτλ.

198 743 230 798 et
246 733 443 814 fragmentum
459 755 498 798 ex
515 733 628 796 Glauco
643 735 749 795 Pontio
766 736 983 813 depromptum,
1006 739 1044 798 28
1063 737 1109 797 ed.
1128 735 1216 796 Dind

314 846 433 906 καλοῖσι
451 845 594 919 λουτροῖς
611 833 829 922 έκλτλονμένος
847 843 939 922 δέμας

315 935 359 1010 εἰς
378 931 571 1018 όηέκρημναν
586 933 704 1017 Ἰμέραν
722 931 884 1018 άφικόμην.

278 1043 368 1122 Quod
394 1051 493 1104 autern
519 1043 624 1104 attinet
652 1045 817 1120 1160930
835 1059 881 1112 ss..
907 1061 982 1118 quos
1009 1044 1100 1102 modo
1126 1043 1219 1116 attuli,

197 1155 288 1214 quarn
310 1137 440 1198 maxime
459 1137 593 1214 plausum
613 1153 680 1197 esse
700 1143 774 1214 puto
793 1135 917 1208 Baccho,
937 1135 985 1213 qui
1005 1155 1038 1197 se
1061 1136 1218 1214 aliquando

197 1237 288 1290 noctu
304 1230 442 1306 vigilasse
456 1229 585 1291 alhrrnat
600 1239 787 1305 quaerentem
803 1248 911 1300 secum,
927 1231 1044 1306 quinam
1061 1238 1139 1291 osser
1155 1229 1216 1290 ales

197 1323 288 1383 liaeus
316 1323 361 1384 ilie
389 1322 576 1400 Aeschyleus
604 1322 793 1400 equo-gallus
835 1321 940 1400 Neque
968 1324 1044 1382 enim
1074 1321 1216 1398 Aeschyli

197 1423 314 1476 rmum
335 1417 408 1478 mira
435 1416 593 1478 verborum
618 1417 793 1496 compositio
817 1419 870 1476 sed
891 1417 978 1477 etlam
1000 1415 1145 1494 Euripidis
1164 1416 1216 1475 do·

196 1507 292 1569 ctrina
312 1509 473 1588 rephunes
493 1509 538 1570 his
558 1511 692 1571 irridetur
710 1509 850 1580 versibus,
873 1511 922 1586 qui
943 1511 1033 1586 Hlpp.
1055 1525 1112 1585 374
1134 1530 1155 1570 s
1174 1511 1216 1568 sic

313 1689 372 1777 ἤδη
390 1689 461 1758 κατ’
479 1690 579 1766 άλλως
599 1692 713 1767 νυκτός
729 1693 764 1757 έν
781 1697 890 1776 μακρῷ
907 1691 1011 1776 χρόνῳ

315 1789 444 1869 θνητῶν
463 1782 620 1868 έαρόντισ*
643 1777 661 1868 ᾗ
680 1787 866 1868 διέφθαρται
885 1788 959 1864 dine

275 1897 381 1958 Postea
402 1913 474 1957 vero
494 1895 648 1974 Euripides
668 1895 822 1972 Aeschylo
846 1913 988 1974 quaenam
1010 1897 1073 1974 lpse
1098 1895 1215 1956 finxerit

193 1989 347 2069 quamn
367 1989 525 2068 νεοσσὸν
544 1988 618 2051 haec
636 2008 663 2049 v·
682 2003 853 2068 sur-osu

256 2089 312 2176 οόχ
327 2094 554 2176 έππαλέκτορας
567 2093 610 2177 μά
626 2091 682 2171 dl',
697 2092 772 2160 οόσέ
784 2093 1001 2177 τραγελάφους,
1015 2089 1093 2175 άπερ
1112 2093 1159 2171 σά,

255 2181 297 2252 άν
315 2200 396 2253 torn
414 2185 686 2269 παραπετάσμασιν
701 2201 768 2263 τοις
782 2189 935 2270 Μηόικοις
950 2185 1127 2270 γράφουσιν
1207 2235 1210 2240 -

257 2275 322 2342 ἀλλ’
336 2279 380 2354 ὥς
394 2281 570 2360 παρέλαβον
584 2281 643 2362 τὴν
660 2283 768 2364 τέχνην
783 2281 866 2361 παρά
874 2282 978 2346 σοῦτό
984 2287 1113 2360 πρῶτον
1122 2279 1219 2354 εὐθὺς

256 2373 433 2437 oldericus
453 2371 531 2436 ’όπό
555 2371 833 2455 κομπασμάτων
861 2377 923 2439 καλ
949 2373 1127 2456 ῥημάτων

938 2467 1129 2549 ἐπαχθῶν,
1150 2481 1217 2545 940.

257 2558 363 2638 έσχανα
380 2563 438 2640 μὲν
456 2559 636 2640 κράτιστον
650 2557 749 2644 αὐτὴν
763 2563 815 2625 καὶ
829 2561 871 2626 τό
887 2560 997 2640 βάρος
1010 2557 1140 2640 άφειλον
1152 2565 1216 2623 κτλ.

278 2663 456 2748 Κόμπασμα,
474 2671 600 2740 lactatio,
616 2671 865 2748 magniloquentia
880 2671 1032 2748 aptissime
1039 2679 1086 2730 cst
1093 2670 1216 2730 electum

195 2761 375 2823 vocabulum
402 2761 442 2822 ad
470 2763 725 2840 perstringendam
750 2759 893 2839 Aeschyli
920 2761 1077 2824 verborum
1102 2763 1219 2840 grandi·

195 2865 300 2919 tatem.
324 2855 410 2935 Quae
428 2857 522 2916 irrisio
541 2857 609 2918 inde
624 2857 758 2917 acerbior
773 2855 813 2927 fit,
833 2858 913 2932 quod
927 2875 964 2918 eo
984 2857 1050 2934 ipso
1070 2855 1217 2916 vocabulo

195 2946 363 3030 κόμπασμα
378 2951 496 3028 saepius
504 2967 573 3010 usus
581 2957 626 3011 est
635 2949 810 3026 Aeschylus,
825 2949 861 3013 cl.
875 2950 969 3012 Prom.
981 2947 1217 3027 361ed.Herm.:

316 3035 353 3114 ὃς
371 3037 471 3105 αότόν
485 3042 624 3122 έξέπληξε
644 3045 710 3104 τῶν
730 3039 895 3122 όηηχόρων

317 3131 555 3215 κομπασμάτων.

198 3225 324 3306 5²1³tem
346 3241 412 3312 5³³²

320 3315 426 3394 adroic
444 3323 572 3394 irrrluore
590 3315 727 3394 άνοοέοις
747 3319 969 3401 κομπάσμασιν.

198 3411 373 3490 5011111

319 3505 482 3568 adarezer
497 3501 623 3586 ἀνδρῶν
644 3503 780 3588 όβρέμων
799 3503 1009 3587 κομπάσματα.

282 3595 449 3660 Praeteriti
472 3607 571 3661 autem
596 3599 720 3661 uerbum
740 3599 909 3677 Aeschylus
934 3601 1024 3662 etiarn
1048 3599 1218 3677 saepissime

202 3681 324 3768 scripsit
349 3687 517 3770 κομπάζειν
543 3692 661 3770 plenas
689 3689 772 3771 Sept
799 3695 865 3767 418.
890 3699 948 3764 4⁶2
974 3693 1059 3763 alias,
1088 3699 1219 3771 κομπεῖν

2081 403 2274 462 ,23-

1665 545 1775 604 iactare
1794 543 1891 606 Prom.
1910 559 1985 620 9⁴9·
2001 539 2122 620 κόμπος
2134 567 2172 592 ι·
2185 536 2349 618 κόμπασμα
2374 537 2469 600 Prom.
2500 552 2581 614 ¹⁰³3·
2604 536 2686 616 Sept

1608 727 1612 738 ι
1664 647 1731 710 ⁴07·
1750 647 1817 709 45⁵·
1837 633 1898 710 Ae·
1920 647 1984 708 sos

1741 726 1820 786 Turn
1839 727 1882 784 sic
1902 727 1999 804 pergit
2019 723 2174 800 Euripides
2193 741 2221 781 v.
2241 736 2322 798 945.r
2388 719 2390 724 ’

1780 812 1834 878 εἶτ’
1856 812 1915 878 οὐκ
1934 812 2065 895 έληρονν
2086 809 2104 876 ό
2121 835 2150 876 τι
2172 807 2290 891 τύχοιμ’
2312 808 2382 875 orid'
2399 810 2540 893 έμπιοών
2560 811 2686 888 έηιρνν.

1780 905 1843 970 ἀλλ’
1859 905 1974 984 οὑξιὼν
1988 903 2149 986 πρώτιστα
2163 906 2220 986 μέν
2235 927 2287 986 μοι
2304 903 2342 968 τό
2362 905 2450 984 γένος
2463 899 2520 966 τέκ’
2537 899 2577 965 όν
2590 899 2687 974 ridie

1781 1005 1839 1063 rori
1858 997 2020 1078 όράματορ

1742 1092 1898 1169 Vituperat
1918 1091 2073 1170 Euripides
2094 1089 2284 1167 Aeschylum,
2304 1091 2385 1166 quod
2405 1098 2517 1150 temere
2536 1089 2684 1165 quaslibet

1663 1186 1794 1263 garrierit
1821 1204 1915 1261 nugas
1944 1195 1974 1244 et
2008 1201 2198 1260 quaecunque
2232 1203 2265 1244 se
2292 1183 2451 1244 obtulerint
2483 1182 2684 1260 composuerit

1663 1298 1765 1357 neque,
1785 1288 1817 1338 ut
1838 1279 1901 1357 ipse
1913 1278 2101 1356 (Euripides),
2122 1278 2222 1337 statim
2237 1277 2264 1336 in
2286 1276 2446 1338 fabularum
2467 1276 2599 1354 prologis
2618 1295 2684 1354 per·

1662 1391 1801 1434 sonarum
1829 1371 2008 1433 enarraverit
2036 1371 2167 1448 origines
2201 1380 2232 1431 et
2260 1379 2371 1447 gentes.
2427 1370 2494 1448 Qua
2522 1379 2621 1429 tamen
2652 1388 2683 1428 re

1662 1466 1877 1544 Aristophanes
1901 1466 1999 1543 potius
2020 1465 2190 1542 Euripidem
2218 1464 2357 1542 obiurgat
2383 1481 2472 1540 quam
2492 1462 2682 1538 Aeschylum,

1661 1561 1771 1636 quippe
1790 1561 1839 1635 qui
1860 1559 1923 1636 ipsa
1942 1560 1971 1617 in
1992 1556 2090 1617 sabula
2109 1557 2223 1628 afferat,
2242 1575 2434 1634 quaecunque
2453 1555 2493 1615 nd
2513 1554 2681 1630 intellegen-

1662 1655 1732 1712 dum
1753 1660 1821 1712 sunt
1841 1651 2013 1714 necessaria.

1739 1743 1849 1804 Contra
1870 1743 2038 1819 Lcssingius
2055 1753 2155 1804 rroster
2170 1741 2302 1804 defendit
2318 1743 2488 1820 liuripidem
2508 1775 2540 1785 -
2560 1739 2596 1801 τέ.
2616 1741 2682 1799 dra·

1573 1871 1576 1878 ·
1661 1839 1823 1912 marurgiae
1849 1855 1912 1913 cap.
1938 1851 1979 1912 49
2004 1837 2074 1912 (oct.
2103 1835 2145 1898 16.
2169 1855 2194 1899 a.
2223 1835 2308 1912 1767)
2334 1837 2414 1895 initio
2435 1867 2472 1879 -
2492 1833 2549 1893 hoc
2574 1835 2681 1892 nrodor

1656 1926 1756 1989 ‘Denn
1776 1947 1809 1988 es
1829 1929 1865 1988 ist
1886 1928 1965 2003 irlar,
1989 1930 2060 1988 dass
2079 1928 2134 1988 alle
2154 1929 2202 1988 die
2222 1929 2336 1998 stiiclre‚
2356 1929 2446 1988 deren
2467 1925 2592 2004 prologo
2613 1925 2679 1984 loen

1660 2023 1727 2095 (den
1747 2020 1862 2083 tadlern
1882 2022 1935 2082 des
1956 2021 2126 2100 Euripides)
2145 2039 2180 2081 so
2201 2021 2256 2082 viel
2276 2021 2423 2097 irperniss
2443 2019 2579 2088 macheu,
2604 2017 2678 2078 auch

1658 2131 1716 2173 one
1736 2113 1816 2174 diese
1836 2112 1961 2190 prolege
1982 2113 2180 2174 vollkommen
2201 2131 2277 2190 gons
2302 2115 2361 2173 und
2387 2112 2588 2194 volllrommen
2616 2128 2680 2170 rer·

1659 2203 1802 2267 sundlich
1818 2201 1909 2269 sind’.
1920 2193 1956 2252 -’-
1970 2204 2084 2267 Verum
2100 2207 2124 2266 si
2141 2205 2290 2283 Euripidis
2306 2205 2409 2266 labulis
2426 2205 2543 2284 prologi
2560 2221 2679 2282 prorsus

1658 2308 1726 2358 sunt
1745 2299 1893 2376 superflui,
1912 2299 2121 2376 vituperandus
2141 2309 2186 2360 est
2205 2299 2372 2376 liuripides,
2395 2301 2476 2375 quod
2497 2299 2613 2374 scripsit
2632 2313 2679 2354 su·

1659 2391 1833 2469 pervacanei
1849 2392 1998 2467 quiddam,
2019 2391 2183 2451 laudandus
2203 2392 2378 2468 Aeschylus,
2397 2393 2483 2468 quod
2498 2390 2597 2450 omisit
2616 2387 2679 2446 eius

1661 2485 1740 2545 modi
1761 2484 1911 2562 prologos.

1737 2579 1814 2637 Tum
1836 2577 2002 2654 Euripides,
2025 2581 2075 2654 qui
2095 2579 2235 2649 narravit,
2255 2599 2288 2640 se
2308 2599 2354 2640 res
2375 2579 2557 2639 domesticas
2576 2585 2677 2653 protu-

1659 2670 1726 2730 lisse
1746 2671 1775 2729 in
1795 2688 1939 2740 scaenam,
1959 2671 2001 2730 sic
2019 2673 2118 2748 pergit
2138 2690 2164 2729 ν.
2185 2671 2354 2749 961-963:

2143 2758 2207 2826 ἀλλ’
2230 2759 2288 2826 οάκ
2306 2759 2540 2844 έκομπολάκοιν·

1739 2849 1802 2917 άπό
1823 2857 1881 2917 τοῦ
1900 2865 2027 2932 ηρονελν
2047 2852 2236 2932 ἀποσπάσας,
2257 2853 2325 2920 oid’
2347 2857 2531 2938 έξέπληττον
2549 2851 2664 2926 αότοάς

1737 2943 1880 3017 Κόκνονς
1898 2951 2000 3011 ποιῶν
2015 2951 2066 3012 καλ
2084 2953 2248 3031 Μέμνονας
2262 2946 2645 3030 κωδωνοφαλαροπώλους.

1735 3040 1845 3102 Censet
1877 3043 1935 3102 hoe
1962 3045 2029 3104 loco
2056 3045 2211 3123 Euripides
2239 3045 2422 3123 Aeschylum
2451 3043 2674 3123 perterrefacere

1657 3133 1783 3195 voluisse
1802 3135 1950 3196 auditores
1970 3136 2048 3196 cultu
2069 3139 2226 3199 verborum
2251 3140 2402 3208 effusiore,
2432 3157 2518 3214 quern
2547 3139 2674 3196 inritatur
2791 3155 2792 3160 ¹

1656 3229 1785 3288 comicus
1804 3230 1899 3289 verbo
1916 3226 2305 3312 “κωόωνοηαλ11ρό-πωλοι
2325 3251 2418 3308 equos
2437 3233 2582 3308 agitantes
2602 3229 2672 3306 pha·

1657 3320 1722 3378 ieris
1742 3330 1772 3379 et
1791 3322 1989 3381 tintinnabulis
2008 3319 2147 3385 ornatos'.
2179 3325 2282 3399 Neque
2298 3343 2369 3384 vero
2385 3322 2567 3400 stupefacerc
2583 3322 2671 3380 voluit

1656 3409 1823 3486 Aeschylus
1833 3411 2038 3484 Athenienses,
2052 3415 2106 3474 sed
2118 3416 2223 3474 civium
2240 3435 2358 3476 suorum
2367 3415 2447 3475 alere
2463 3425 2493 3474 et
2508 3421 2671 3474 sustentare

1655 3505 1783 3564 animum
1806 3505 1986 3566 bellicosum.

1731 3595 1808 3656 Tum
1828 3615 1856 3659 ν.
1880 3611 1954 3670 1004
1977 3619 1999 3661 s.
2019 3602 2126 3660 chorus
2146 3601 2328 3677 Aeschylum
2348 3601 2519 3660 adhortatur
2544 3599 2583 3657 ad
2606 3614 2667 3656 cer·
2772 3609 2775 3616 ’

1653 3697 1751 3748 tamen
1771 3687 1829 3747 hoc
1849 3691 1954 3750 modo:
