<?xml version="1.0" encoding="UTF-8"?>
<!DOCTYPE html PUBLIC "-//W3C//DTD XHTML 1.0 Transitional//EN"
    "http://www.w3.org/TR/xhtml1/DTD/xhtml1-transitional.dtd">
<html xmlns="http://www.w3.org/1999/xhtml" xml:lang="en" lang="en">
 <head>
  <title>
</title>
<meta http-equiv="Content-Type" content="text/html;charset=utf-8" />
  <meta name='ocr-system' content='tesseract 3.04.00' />
  <meta name='ocr-capabilities' content='ocr_page ocr_carea ocr_par ocr_line ocrx_word'/>
</head>
<body>
  <div class='ocr_page' id='page_1' title='image "aristophanisdea00henngoog_0026.png"; bbox 0 0 5710 4266; ppageno 0'>
   <div class='ocr_carea' id='block_1_1' title="bbox 630 427 801 482">
    <p class='ocr_par' dir='ltr' id='par_1_1' title="bbox 630 427 801 482">
     <span class='ocr_line' id='line_1_1' title="bbox 630 427 801 482; baseline -0.006 -13"><span class='ocrx_word' id='word_1_1' title='bbox 630 427 801 482; x_wconf 77' lang='lat'><strong>..⁶-</strong></span> 
     </span>
    </p>
   </div>
   <div class='ocr_carea' id='block_1_2' title="bbox 191 571 1221 3814">
    <p class='ocr_par' dir='ltr' id='par_1_2' title="bbox 213 571 1221 932">
     <span class='ocr_line' id='line_1_2' title="bbox 214 571 1221 654; baseline 0.006 -24"><span class='ocrx_word' id='word_1_2' title='bbox 214 571 382 649; x_wconf 87' lang='lat' dir='ltr'><strong>plenrmque</strong></span> <span class='ocrx_word' id='word_1_3' title='bbox 401 573 479 634; x_wconf 82' lang='lat' dir='ltr'><strong>velut</strong></span> <span class='ocrx_word' id='word_1_4' title='bbox 498 575 617 635; x_wconf 80' lang='grc' dir='ltr'><strong>Τ11ο11111.</strong></span> <span class='ocrx_word' id='word_1_5' title='bbox 640 590 797 651; x_wconf 76' lang='grc'><strong>134-143,</strong></span> <span class='ocrx_word' id='word_1_6' title='bbox 830 577 913 637; x_wconf 85' lang='lat' dir='ltr'><strong>Ares</strong></span> <span class='ocrx_word' id='word_1_7' title='bbox 938 580 1039 652; x_wconf 68' lang='lat'><strong>80718,</strong></span> <span class='ocrx_word' id='word_1_8' title='bbox 1063 579 1139 638; x_wconf 88' lang='lat' dir='ltr'><strong>Nub.</strong></span> <span class='ocrx_word' id='word_1_9' title='bbox 1160 593 1221 654; x_wconf 81' lang='lat'>534.</span> 
     </span>
     <span class='ocr_line' id='line_1_3' title="bbox 214 665 1220 746; baseline 0.005 -21"><span class='ocrx_word' id='word_1_10' title='bbox 214 665 283 726; x_wconf 87' lang='lat' dir='ltr'><strong>levis</strong></span> <span class='ocrx_word' id='word_1_11' title='bbox 303 666 349 727; x_wconf 88' lang='lat' dir='ltr'><strong>vel</strong></span> <span class='ocrx_word' id='word_1_12' title='bbox 371 667 473 728; x_wconf 89' lang='lat' dir='ltr'><strong>nullius</strong></span> <span class='ocrx_word' id='word_1_13' title='bbox 489 678 534 728; x_wconf 82' lang='lat' dir='ltr'><strong>est</strong></span> <span class='ocrx_word' id='word_1_14' title='bbox 551 667 698 728; x_wconf 83' lang='lat' dir='ltr'>momenti.</span> <span class='ocrx_word' id='word_1_15' title='bbox 731 669 832 728; x_wconf 86' lang='lat' dir='ltr'><strong>Ranae</strong></span> <span class='ocrx_word' id='word_1_16' title='bbox 847 670 934 746; x_wconf 75' lang='lat' dir='ltr'><strong>igitur</strong></span> <span class='ocrx_word' id='word_1_17' title='bbox 949 671 1133 746; x_wconf 89' lang='lat' dir='ltr'><strong>potissimum</strong></span> <span class='ocrx_word' id='word_1_18' title='bbox 1151 671 1220 730; x_wconf 84' lang='lat' dir='ltr'><strong>milri</strong></span> 
     </span>
     <span class='ocr_line' id='line_1_4' title="bbox 213 762 1219 838; baseline 0.008 -23"><span class='ocrx_word' id='word_1_19' title='bbox 213 766 278 816; x_wconf 88' lang='lat' dir='ltr'><strong>sunt</strong></span> <span class='ocrx_word' id='word_1_20' title='bbox 299 762 466 820; x_wconf 78' lang='lat' dir='ltr'><strong>tractandae</strong></span> <span class='ocrx_word' id='word_1_21' title='bbox 485 763 604 820; x_wconf 89' lang='lat' dir='ltr'><strong>adiectis</strong></span> <span class='ocrx_word' id='word_1_22' title='bbox 625 762 732 838; x_wconf 87' lang='lat' dir='ltr'><strong>paucis,</strong></span> <span class='ocrx_word' id='word_1_23' title='bbox 751 779 826 836; x_wconf 90' lang='lat' dir='ltr'><strong>quos</strong></span> <span class='ocrx_word' id='word_1_24' title='bbox 846 781 884 821; x_wconf 87' lang='lat' dir='ltr'><strong>ex</strong></span> <span class='ocrx_word' id='word_1_25' title='bbox 905 763 1007 821; x_wconf 90' lang='lat' dir='ltr'><strong>ceteris</strong></span> <span class='ocrx_word' id='word_1_26' title='bbox 1032 762 1135 823; x_wconf 76' lang='lat' dir='ltr'><strong>fabulis</strong></span> <span class='ocrx_word' id='word_1_27' title='bbox 1151 763 1219 823; x_wconf 91' lang='lat' dir='ltr'><strong>Ari·</strong></span> 
     </span>
     <span class='ocr_line' id='line_1_5' title="bbox 214 851 675 932; baseline 0.004 -21"><span class='ocrx_word' id='word_1_28' title='bbox 214 851 382 930; x_wconf 85' lang='lat' dir='ltr'><strong>stophanels</strong></span> <span class='ocrx_word' id='word_1_29' title='bbox 401 854 576 932; x_wconf 76' lang='lat' dir='ltr'>deprompsi,</span> <span class='ocrx_word' id='word_1_30' title='bbox 596 853 675 914; x_wconf 88' lang='lat' dir='ltr'><strong>locis.</strong></span> 
     </span>
    </p>

    <p class='ocr_par' dir='ltr' id='par_1_3' title="bbox 212 943 1221 1395">
     <span class='ocr_line' id='line_1_6' title="bbox 289 943 1220 1024; baseline 0.004 -21"><span class='ocrx_word' id='word_1_31' title='bbox 289 943 396 1005; x_wconf 83' lang='lat' dir='ltr'>Docuit</span> <span class='ocrx_word' id='word_1_32' title='bbox 412 954 509 1005; x_wconf 80' lang='lat' dir='ltr'><strong>autent</strong></span> <span class='ocrx_word' id='word_1_33' title='bbox 525 947 739 1024; x_wconf 77' lang='lat' dir='ltr'><strong>Aristophanes</strong></span> <span class='ocrx_word' id='word_1_34' title='bbox 753 948 851 1006; x_wconf 87' lang='lat' dir='ltr'><strong>Ranas</strong></span> <span class='ocrx_word' id='word_1_35' title='bbox 864 949 963 1024; x_wconf 78' lang='lat' dir='ltr'>paucis</span> <span class='ocrx_word' id='word_1_36' title='bbox 983 947 1132 1008; x_wconf 90' lang='lat' dir='ltr'><strong>mensibus</strong></span> <span class='ocrx_word' id='word_1_37' title='bbox 1151 957 1220 1024; x_wconf 93' lang='lat' dir='ltr'><strong>post</strong></span> 
     </span>
     <span class='ocr_line' id='line_1_7' title="bbox 214 1037 1221 1118; baseline 0.002 -22"><span class='ocrx_word' id='word_1_38' title='bbox 214 1037 432 1097; x_wconf 79' lang='lat' dir='ltr'><strong>Atheniensium</strong></span> <span class='ocrx_word' id='word_1_39' title='bbox 452 1041 604 1099; x_wconf 83' lang='lat' dir='ltr'><strong>victoriam</strong></span> <span class='ocrx_word' id='word_1_40' title='bbox 622 1040 700 1117; x_wconf 88' lang='lat' dir='ltr'><strong>apud</strong></span> <span class='ocrx_word' id='word_1_41' title='bbox 720 1037 883 1117; x_wconf 77' lang='lat' dir='ltr'><strong>Arginusas</strong></span> <span class='ocrx_word' id='word_1_42' title='bbox 904 1049 1091 1118; x_wconf 76' lang='lat' dir='ltr'><strong>reportatam,</strong></span> <span class='ocrx_word' id='word_1_43' title='bbox 1110 1041 1221 1118; x_wconf 83' lang='lat' dir='ltr'><strong>gravis·</strong></span> 
     </span>
     <span class='ocr_line' id='line_1_8' title="bbox 212 1129 1219 1210; baseline 0.005 -24"><span class='ocrx_word' id='word_1_44' title='bbox 212 1129 283 1188; x_wconf 88' lang='lat' dir='ltr'><strong>sima</strong></span> <span class='ocrx_word' id='word_1_45' title='bbox 309 1133 387 1207; x_wconf 91' lang='lat' dir='ltr'><strong>apud</strong></span> <span class='ocrx_word' id='word_1_46' title='bbox 417 1130 521 1208; x_wconf 82' lang='lat' dir='ltr'><strong>Aegos</strong></span> <span class='ocrx_word' id='word_1_47' title='bbox 550 1131 656 1192; x_wconf 82' lang='lat' dir='ltr'><strong>flumen</strong></span> <span class='ocrx_word' id='word_1_48' title='bbox 682 1132 767 1192; x_wconf 86' lang='lat' dir='ltr'><strong>clade</strong></span> <span class='ocrx_word' id='word_1_49' title='bbox 794 1135 923 1192; x_wconf 88' lang='lat' dir='ltr'><strong>nondum</strong></span> <span class='ocrx_word' id='word_1_50' title='bbox 956 1143 1091 1210; x_wconf 85' lang='lat' dir='ltr'><strong>accepta,</strong></span> <span class='ocrx_word' id='word_1_51' title='bbox 1128 1133 1219 1192; x_wconf 81' lang='lat' dir='ltr'><strong>Callia</strong></span> 
     </span>
     <span class='ocr_line' id='line_1_9' title="bbox 212 1223 1218 1303; baseline 0.005 -22"><span class='ocrx_word' id='word_1_52' title='bbox 212 1223 363 1294; x_wconf 81' lang='lat' dir='ltr'><strong>ardronte,</strong></span> <span class='ocrx_word' id='word_1_53' title='bbox 390 1223 513 1285; x_wconf 85' lang='lat' dir='ltr'><strong>Lenaeis</strong></span> <span class='ocrx_word' id='word_1_54' title='bbox 537 1223 708 1286; x_wconf 85' lang='lat' dir='ltr'><strong>Gamelione</strong></span> <span class='ocrx_word' id='word_1_55' title='bbox 732 1245 832 1286; x_wconf 90' lang='lat' dir='ltr'><strong>mense</strong></span> <span class='ocrx_word' id='word_1_56' title='bbox 856 1228 872 1285; x_wconf 72' lang='lat' dir='ltr'><strong>i·</strong></span> <span class='ocrx_word' id='word_1_57' title='bbox 895 1244 921 1287; x_wconf 88' lang='lat' dir='ltr'><strong>e.</strong></span> <span class='ocrx_word' id='word_1_58' title='bbox 940 1225 1075 1303; x_wconf 88' lang='lat' dir='ltr'><strong>Januario</strong></span> <span class='ocrx_word' id='word_1_59' title='bbox 1099 1230 1165 1286; x_wconf 89' lang='lat' dir='ltr'><strong>anni</strong></span> <span class='ocrx_word' id='word_1_60' title='bbox 1192 1244 1218 1286; x_wconf 89' lang='lat' dir='ltr'><strong>a.</strong></span> 
     </span>
     <span class='ocr_line' id='line_1_10' title="bbox 213 1313 411 1395; baseline 0.01 -19"><span class='ocrx_word' id='word_1_61' title='bbox 213 1313 277 1376; x_wconf 85' lang='lat' dir='ltr'><strong>Chr.</strong></span> <span class='ocrx_word' id='word_1_62' title='bbox 298 1337 325 1376; x_wconf 93' lang='lat' dir='ltr'><strong>n.</strong></span> <span class='ocrx_word' id='word_1_63' title='bbox 346 1331 411 1395; x_wconf 81' lang='lat'><strong>405.</strong></span> 
     </span>
    </p>

    <p class='ocr_par' dir='ltr' id='par_1_4' title="bbox 191 1410 1219 2596">
     <span class='ocr_line' id='line_1_11' title="bbox 286 1410 1219 1490; baseline 0.001 -19"><span class='ocrx_word' id='word_1_64' title='bbox 286 1410 376 1488; x_wconf 83' lang='lat' dir='ltr'><strong>Quod</strong></span> <span class='ocrx_word' id='word_1_65' title='bbox 392 1419 489 1472; x_wconf 86' lang='lat' dir='ltr'><strong>autem</strong></span> <span class='ocrx_word' id='word_1_66' title='bbox 505 1414 608 1472; x_wconf 82' lang='lat' dir='ltr'><strong>attinet</strong></span> <span class='ocrx_word' id='word_1_67' title='bbox 624 1413 661 1471; x_wconf 87' lang='lat' dir='ltr'><strong>ad</strong></span> <span class='ocrx_word' id='word_1_68' title='bbox 681 1420 807 1472; x_wconf 86' lang='lat' dir='ltr'><strong>aetatem</strong></span> <span class='ocrx_word' id='word_1_69' title='bbox 828 1413 1002 1487; x_wconf 77' lang='lat' dir='ltr'><strong>tragicorum</strong></span> <span class='ocrx_word' id='word_1_70' title='bbox 1018 1414 1112 1482; x_wconf 89' lang='lat' dir='ltr'><strong>trium,</strong></span> <span class='ocrx_word' id='word_1_71' title='bbox 1132 1412 1219 1490; x_wconf 87' lang='lat' dir='ltr'><strong>paulo</strong></span> 
     </span>
     <span class='ocr_line' id='line_1_12' title="bbox 211 1505 1219 1582; baseline 0.005 -22"><span class='ocrx_word' id='word_1_72' title='bbox 211 1511 366 1578; x_wconf 87' lang='lat' dir='ltr'><strong>antequam</strong></span> <span class='ocrx_word' id='word_1_73' title='bbox 387 1505 414 1563; x_wconf 91' lang='lat' dir='ltr'><strong>in</strong></span> <span class='ocrx_word' id='word_1_74' title='bbox 434 1523 569 1564; x_wconf 78' lang='lat' dir='ltr'><strong>scaenam</strong></span> <span class='ocrx_word' id='word_1_75' title='bbox 589 1505 691 1564; x_wconf 86' lang='lat' dir='ltr'><strong>Ranae</strong></span> <span class='ocrx_word' id='word_1_76' title='bbox 710 1513 776 1564; x_wconf 89' lang='lat' dir='ltr'><strong>sunt</strong></span> <span class='ocrx_word' id='word_1_77' title='bbox 796 1507 963 1582; x_wconf 89' lang='lat' dir='ltr'><strong>productae,</strong></span> <span class='ocrx_word' id='word_1_78' title='bbox 982 1505 1137 1582; x_wconf 83' lang='lat' dir='ltr'><strong>Euripides</strong></span> <span class='ocrx_word' id='word_1_79' title='bbox 1156 1514 1219 1566; x_wconf 88' lang='lat' dir='ltr'><strong>erat</strong></span> 
     </span>
     <span class='ocr_line' id='line_1_13' title="bbox 212 1596 1219 1674; baseline 0.001 -20"><span class='ocrx_word' id='word_1_80' title='bbox 212 1604 341 1655; x_wconf 76' lang='lat' dir='ltr'><strong>mortum</strong></span> <span class='ocrx_word' id='word_1_81' title='bbox 367 1614 402 1656; x_wconf 89' lang='lat' dir='ltr'><strong>ac</strong></span> <span class='ocrx_word' id='word_1_82' title='bbox 430 1596 511 1656; x_wconf 89' lang='lat' dir='ltr'><strong>brevi</strong></span> <span class='ocrx_word' id='word_1_83' title='bbox 538 1605 608 1673; x_wconf 87' lang='lat' dir='ltr'><strong>post</strong></span> <span class='ocrx_word' id='word_1_84' title='bbox 634 1615 701 1656; x_wconf 89' lang='lat' dir='ltr'><strong>eum</strong></span> <span class='ocrx_word' id='word_1_85' title='bbox 730 1597 900 1674; x_wconf 90' lang='lat' dir='ltr'><strong>Sophocles.</strong></span> <span class='ocrx_word' id='word_1_86' title='bbox 957 1599 1104 1658; x_wconf 86' lang='lat' dir='ltr'><strong>Perierant</strong></span> <span class='ocrx_word' id='word_1_87' title='bbox 1133 1599 1219 1673; x_wconf 75' lang='lat' dir='ltr'><strong>igitur</strong></span> 
     </span>
     <span class='ocr_line' id='line_1_14' title="bbox 210 1688 1217 1768; baseline 0.002 -22"><span class='ocrx_word' id='word_1_88' title='bbox 210 1688 314 1747; x_wconf 88' lang='lat' dir='ltr'><strong>summi</strong></span> <span class='ocrx_word' id='word_1_89' title='bbox 334 1689 435 1764; x_wconf 74' lang='lat' dir='ltr'><strong>tragici</strong></span> <span class='ocrx_word' id='word_1_90' title='bbox 455 1707 572 1760; x_wconf 89' lang='lat' dir='ltr'><strong>omnes,</strong></span> <span class='ocrx_word' id='word_1_91' title='bbox 595 1708 652 1766; x_wconf 88' lang='lat' dir='ltr'><strong>qua</strong></span> <span class='ocrx_word' id='word_1_92' title='bbox 678 1708 708 1749; x_wconf 92' lang='lat' dir='ltr'><strong>re</strong></span> <span class='ocrx_word' id='word_1_93' title='bbox 729 1689 836 1749; x_wconf 85' lang='lat' dir='ltr'><strong>iactum</strong></span> <span class='ocrx_word' id='word_1_94' title='bbox 857 1698 909 1761; x_wconf 88' lang='lat' dir='ltr'><strong>est,</strong></span> <span class='ocrx_word' id='word_1_95' title='bbox 929 1699 960 1749; x_wconf 94' lang='lat' dir='ltr'><strong>ut</strong></span> <span class='ocrx_word' id='word_1_96' title='bbox 980 1697 1086 1768; x_wconf 85' lang='lat' dir='ltr'><strong>poetae</strong></span> <span class='ocrx_word' id='word_1_97' title='bbox 1105 1691 1217 1759; x_wconf 91' lang='lat' dir='ltr'><strong>comici,</strong></span> 
     </span>
     <span class='ocr_line' id='line_1_15' title="bbox 209 1780 1216 1860; baseline 0.002 -22"><span class='ocrx_word' id='word_1_98' title='bbox 209 1781 255 1854; x_wconf 90' lang='lat' dir='ltr'><strong>qui</strong></span> <span class='ocrx_word' id='word_1_99' title='bbox 272 1780 562 1849; x_wconf 78' lang='lat' dir='ltr'><strong>libentissimeetiam</strong></span> <span class='ocrx_word' id='word_1_100' title='bbox 579 1782 617 1843; x_wconf 90' lang='lat' dir='ltr'><strong>de</strong></span> <span class='ocrx_word' id='word_1_101' title='bbox 636 1781 705 1841; x_wconf 86' lang='lat' dir='ltr'><strong>vivis</strong></span> <span class='ocrx_word' id='word_1_102' title='bbox 725 1782 894 1858; x_wconf 88' lang='lat' dir='ltr'><strong>aequalibus</strong></span> <span class='ocrx_word' id='word_1_103' title='bbox 913 1802 947 1843; x_wconf 90' lang='lat' dir='ltr'><strong>se</strong></span> <span class='ocrx_word' id='word_1_104' title='bbox 967 1791 1216 1860; x_wconf 89' lang='lat' dir='ltr'><strong>exprompserant,</strong></span> 
     </span>
     <span class='ocr_line' id='line_1_16' title="bbox 210 1873 1217 1952; baseline 0.003 -23"><span class='ocrx_word' id='word_1_105' title='bbox 210 1889 246 1930; x_wconf 94' lang='lat' dir='ltr'><strong>eo</strong></span> <span class='ocrx_word' id='word_1_106' title='bbox 265 1873 330 1948; x_wconf 88' lang='lat' dir='ltr'><strong>ipso</strong></span> <span class='ocrx_word' id='word_1_107' title='bbox 350 1881 490 1950; x_wconf 89' lang='lat' dir='ltr'><strong>tempore,</strong></span> <span class='ocrx_word' id='word_1_108' title='bbox 516 1874 579 1952; x_wconf 92' lang='lat' dir='ltr'><strong>quis</strong></span> <span class='ocrx_word' id='word_1_109' title='bbox 607 1883 685 1934; x_wconf 71' lang='lat' dir='ltr'><strong>asset</strong></span> <span class='ocrx_word' id='word_1_110' title='bbox 704 1893 835 1934; x_wconf 90' lang='lat' dir='ltr'><strong>summus</strong></span> <span class='ocrx_word' id='word_1_111' title='bbox 859 1884 1011 1952; x_wconf 89' lang='lat' dir='ltr'><strong>poetarum</strong></span> <span class='ocrx_word' id='word_1_112' title='bbox 1032 1875 1217 1951; x_wconf 79' lang='lat' dir='ltr'><strong>tragicorum,</strong></span> 
     </span>
     <span class='ocr_line' id='line_1_17' title="bbox 208 1965 1216 2045; baseline 0.004 -24"><span class='ocrx_word' id='word_1_113' title='bbox 208 1965 386 2025; x_wconf 86' lang='lat' dir='ltr'><strong>instituerent</strong></span> <span class='ocrx_word' id='word_1_114' title='bbox 406 1969 614 2044; x_wconf 89' lang='lat' dir='ltr'><strong>quaestionem.</strong></span> <span class='ocrx_word' id='word_1_115' title='bbox 647 1966 756 2027; x_wconf 89' lang='lat' dir='ltr'><strong>Vemm</strong></span> <span class='ocrx_word' id='word_1_116' title='bbox 778 1966 1006 2045; x_wconf 81' lang='lat' dir='ltr'><strong>Aristophanem</strong></span> <span class='ocrx_word' id='word_1_117' title='bbox 1026 1967 1081 2026; x_wconf 89' lang='lat' dir='ltr'><strong>alia</strong></span> <span class='ocrx_word' id='word_1_118' title='bbox 1100 1985 1216 2043; x_wconf 92' lang='lat' dir='ltr'><strong>quoque</strong></span> 
     </span>
     <span class='ocr_line' id='line_1_18' title="bbox 207 2058 1215 2134; baseline 0.004 -20"><span class='ocrx_word' id='word_1_119' title='bbox 207 2073 293 2117; x_wconf 88' lang='lat' dir='ltr'><strong>causa</strong></span> <span class='ocrx_word' id='word_1_120' title='bbox 323 2061 467 2134; x_wconf 84' lang='lat' dir='ltr'><strong>permovit</strong></span> <span class='ocrx_word' id='word_1_121' title='bbox 491 2069 522 2118; x_wconf 93' lang='lat' dir='ltr'><strong>ut</strong></span> <span class='ocrx_word' id='word_1_122' title='bbox 542 2060 598 2119; x_wconf 92' lang='lat' dir='ltr'><strong>hoc</strong></span> <span class='ocrx_word' id='word_1_123' title='bbox 620 2058 733 2122; x_wconf 80' lang='lat' dir='ltr'><strong>laceret</strong></span> <span class='ocrx_word' id='word_1_124' title='bbox 771 2061 870 2120; x_wconf 86' lang='lat' dir='ltr'><strong>Multis</strong></span> <span class='ocrx_word' id='word_1_125' title='bbox 890 2061 966 2120; x_wconf 87' lang='lat' dir='ltr'><strong>enim</strong></span> <span class='ocrx_word' id='word_1_126' title='bbox 987 2059 1215 2120; x_wconf 87' lang='lat' dir='ltr'><strong>Atheniensibus</strong></span> 
     </span>
     <span class='ocr_line' id='line_1_19' title="bbox 208 2151 1215 2230; baseline 0.004 -23"><span class='ocrx_word' id='word_1_127' title='bbox 208 2151 261 2208; x_wconf 91' lang='lat' dir='ltr'><strong>illis</strong></span> <span class='ocrx_word' id='word_1_128' title='bbox 288 2153 470 2228; x_wconf 83' lang='lat' dir='ltr'><strong>temporibus</strong></span> <span class='ocrx_word' id='word_1_129' title='bbox 497 2154 649 2228; x_wconf 83' lang='lat' dir='ltr'><strong>Euripides</strong></span> <span class='ocrx_word' id='word_1_130' title='bbox 677 2157 769 2214; x_wconf 90' lang='lat' dir='ltr'><strong>carior</strong></span> <span class='ocrx_word' id='word_1_131' title='bbox 800 2156 1004 2230; x_wconf 90' lang='lat' dir='ltr'><strong>acceptiorque</strong></span> <span class='ocrx_word' id='word_1_132' title='bbox 1040 2154 1091 2212; x_wconf 84' lang='lat' dir='ltr'><strong>iuit</strong></span> <span class='ocrx_word' id='word_1_133' title='bbox 1128 2172 1215 2228; x_wconf 89' lang='lat' dir='ltr'><strong>quam</strong></span> 
     </span>
     <span class='ocr_line' id='line_1_20' title="bbox 209 2239 1215 2320; baseline 0.002 -20"><span class='ocrx_word' id='word_1_134' title='bbox 209 2239 375 2316; x_wconf 86' lang='lat' dir='ltr'><strong>Aeschylus</strong></span> <span class='ocrx_word' id='word_1_135' title='bbox 391 2252 421 2302; x_wconf 93' lang='lat' dir='ltr'><strong>et</strong></span> <span class='ocrx_word' id='word_1_136' title='bbox 436 2243 605 2320; x_wconf 86' lang='lat' dir='ltr'><strong>Sophocles,</strong></span> <span class='ocrx_word' id='word_1_137' title='bbox 625 2245 655 2302; x_wconf 90' lang='lat' dir='ltr'><strong>id</strong></span> <span class='ocrx_word' id='word_1_138' title='bbox 671 2246 752 2320; x_wconf 93' lang='lat' dir='ltr'><strong>quod</strong></span> <span class='ocrx_word' id='word_1_139' title='bbox 767 2264 855 2320; x_wconf 76' lang='lat' dir='ltr'><strong>aegre</strong></span> <span class='ocrx_word' id='word_1_140' title='bbox 871 2245 982 2305; x_wconf 76' lang='lat' dir='ltr'><strong>ferebat</strong></span> <span class='ocrx_word' id='word_1_141' title='bbox 995 2245 1215 2320; x_wconf 85' lang='lat' dir='ltr'><strong>Aristophanes,</strong></span> 
     </span>
     <span class='ocr_line' id='line_1_21' title="bbox 206 2334 1214 2413; baseline 0.003 -22"><span class='ocrx_word' id='word_1_142' title='bbox 206 2350 272 2392; x_wconf 87' lang='lat' dir='ltr'><strong>curn</strong></span> <span class='ocrx_word' id='word_1_143' title='bbox 297 2335 447 2410; x_wconf 76' lang='lat' dir='ltr'><strong>cognitum</strong></span> <span class='ocrx_word' id='word_1_144' title='bbox 474 2334 610 2406; x_wconf 87' lang='lat' dir='ltr'><strong>haberet,</strong></span> <span class='ocrx_word' id='word_1_145' title='bbox 639 2346 819 2413; x_wconf 86' lang='lat' dir='ltr'><strong>quantopere</strong></span> <span class='ocrx_word' id='word_1_146' title='bbox 843 2335 891 2395; x_wconf 88' lang='lat' dir='ltr'><strong>illa</strong></span> <span class='ocrx_word' id='word_1_147' title='bbox 915 2336 1014 2413; x_wconf 89' lang='lat' dir='ltr'><strong>poesis</strong></span> <span class='ocrx_word' id='word_1_148' title='bbox 1041 2335 1214 2413; x_wconf 91' lang='lat' dir='ltr'><strong>reipublicae</strong></span> 
     </span>
     <span class='ocr_line' id='line_1_22' title="bbox 191 2425 1215 2506; baseline 0.002 -22"><span class='ocrx_word' id='word_1_149' title='bbox 191 2425 284 2485; x_wconf 77' lang='lat' dir='ltr'><strong>‘asset</strong></span> <span class='ocrx_word' id='word_1_150' title='bbox 300 2427 442 2502; x_wconf 90' lang='lat' dir='ltr'><strong>perniciei.</strong></span> <span class='ocrx_word' id='word_1_151' title='bbox 466 2425 555 2505; x_wconf 87' lang='lat' dir='ltr'><strong>Quod</strong></span> <span class='ocrx_word' id='word_1_152' title='bbox 572 2437 604 2487; x_wconf 91' lang='lat' dir='ltr'><strong>ut</strong></span> <span class='ocrx_word' id='word_1_153' title='bbox 618 2430 737 2488; x_wconf 90' lang='lat' dir='ltr'><strong>doceret</strong></span> <span class='ocrx_word' id='word_1_154' title='bbox 752 2429 916 2506; x_wconf 82' lang='lat' dir='ltr'><strong>civiumque</strong></span> <span class='ocrx_word' id='word_1_155' title='bbox 931 2447 1050 2487; x_wconf 90' lang='lat' dir='ltr'><strong>suorum</strong></span> <span class='ocrx_word' id='word_1_156' title='bbox 1058 2431 1215 2504; x_wconf 75' lang='lat' dir='ltr'><strong>corrigeret</strong></span> 
     </span>
     <span class='ocr_line' id='line_1_23' title="bbox 207 2519 1215 2596; baseline 0.003 -19"><span class='ocrx_word' id='word_1_157' title='bbox 207 2525 237 2576; x_wconf 93' lang='lat' dir='ltr'><strong>et</strong></span> <span class='ocrx_word' id='word_1_158' title='bbox 255 2519 427 2578; x_wconf 86' lang='lat' dir='ltr'><strong>emendaret</strong></span> <span class='ocrx_word' id='word_1_159' title='bbox 446 2519 562 2590; x_wconf 86' lang='lat' dir='ltr'><strong>iudicia,</strong></span> <span class='ocrx_word' id='word_1_160' title='bbox 589 2523 764 2596; x_wconf 83' lang='lat' dir='ltr'><strong>tragicomm</strong></span> <span class='ocrx_word' id='word_1_161' title='bbox 792 2519 875 2579; x_wconf 85' lang='lat' dir='ltr'><strong>finxit</strong></span> <span class='ocrx_word' id='word_1_162' title='bbox 899 2530 1047 2580; x_wconf 89' lang='lat' dir='ltr'><strong>certamen</strong></span> <span class='ocrx_word' id='word_1_163' title='bbox 1068 2523 1096 2579; x_wconf 90' lang='lat' dir='ltr'><strong>in</strong></span> <span class='ocrx_word' id='word_1_164' title='bbox 1118 2521 1215 2580; x_wconf 86' lang='lat' dir='ltr'><strong>Ranis.</strong></span> 
     </span>
    </p>

    <p class='ocr_par' dir='ltr' id='par_1_5' title="bbox 199 2612 1215 3720">
     <span class='ocr_line' id='line_1_24' title="bbox 284 2612 1215 2690; baseline 0.002 -20"><span class='ocrx_word' id='word_1_165' title='bbox 284 2612 461 2673; x_wconf 82' lang='lat' dir='ltr'><strong>Felicissimo</strong></span> <span class='ocrx_word' id='word_1_166' title='bbox 480 2622 577 2674; x_wconf 87' lang='lat' dir='ltr'><strong>autem</strong></span> <span class='ocrx_word' id='word_1_167' title='bbox 594 2612 808 2690; x_wconf 87' lang='lat' dir='ltr'><strong>Aristophanes</strong></span> <span class='ocrx_word' id='word_1_168' title='bbox 824 2615 1001 2688; x_wconf 81' lang='lat' dir='ltr'><strong>excogitavit</strong></span> <span class='ocrx_word' id='word_1_169' title='bbox 1017 2615 1046 2673; x_wconf 94' lang='lat' dir='ltr'><strong>id</strong></span> <span class='ocrx_word' id='word_1_170' title='bbox 1060 2621 1215 2681; x_wconf 88' lang='lat' dir='ltr'><strong>certamen,</strong></span> 
     </span>
     <span class='ocr_line' id='line_1_25' title="bbox 206 2705 1215 2784; baseline 0 -18"><span class='ocrx_word' id='word_1_171' title='bbox 206 2727 303 2784; x_wconf 93' lang='lat' dir='ltr'><strong>neque</strong></span> <span class='ocrx_word' id='word_1_172' title='bbox 323 2709 399 2767; x_wconf 89' lang='lat' dir='ltr'><strong>enlm</strong></span> <span class='ocrx_word' id='word_1_173' title='bbox 420 2716 452 2766; x_wconf 92' lang='lat' dir='ltr'><strong>ut</strong></span> <span class='ocrx_word' id='word_1_174' title='bbox 465 2705 643 2784; x_wconf 87' lang='lat' dir='ltr'><strong>Phrynichus</strong></span> <span class='ocrx_word' id='word_1_175' title='bbox 659 2709 686 2766; x_wconf 91' lang='lat' dir='ltr'><strong>in</strong></span> <span class='ocrx_word' id='word_1_176' title='bbox 702 2707 802 2777; x_wconf 88' lang='lat' dir='ltr'><strong>Musis,</strong></span> <span class='ocrx_word' id='word_1_177' title='bbox 821 2726 897 2784; x_wconf 92' lang='lat' dir='ltr'><strong>quae</strong></span> <span class='ocrx_word' id='word_1_178' title='bbox 911 2709 1017 2768; x_wconf 91' lang='lat' dir='ltr'><strong>eodem</strong></span> <span class='ocrx_word' id='word_1_179' title='bbox 1033 2707 1215 2767; x_wconf 87' lang='lat' dir='ltr'><strong>Lenacorum</strong></span> 
     </span>
     <span class='ocr_line' id='line_1_26' title="bbox 204 2801 1213 2878; baseline 0 -19"><span class='ocrx_word' id='word_1_180' title='bbox 204 2801 251 2860; x_wconf 90' lang='lat' dir='ltr'><strong>die</strong></span> <span class='ocrx_word' id='word_1_181' title='bbox 271 2819 333 2878; x_wconf 94' lang='lat' dir='ltr'><strong>quo</strong></span> <span class='ocrx_word' id='word_1_182' title='bbox 347 2801 448 2861; x_wconf 87' lang='lat' dir='ltr'><strong>Ranae</strong></span> <span class='ocrx_word' id='word_1_183' title='bbox 467 2801 494 2860; x_wconf 91' lang='lat' dir='ltr'><strong>in</strong></span> <span class='ocrx_word' id='word_1_184' title='bbox 514 2819 648 2861; x_wconf 88' lang='lat' dir='ltr'><strong>scaenam</strong></span> <span class='ocrx_word' id='word_1_185' title='bbox 668 2810 736 2860; x_wconf 88' lang='lat' dir='ltr'><strong>sunt</strong></span> <span class='ocrx_word' id='word_1_186' title='bbox 755 2803 914 2878; x_wconf 89' lang='lat' dir='ltr'><strong>productae</strong></span> <span class='ocrx_word' id='word_1_187' title='bbox 934 2802 1069 2876; x_wconf 89' lang='lat' dir='ltr'><strong>idemque</strong></span> <span class='ocrx_word' id='word_1_188' title='bbox 1089 2809 1213 2861; x_wconf 88' lang='lat' dir='ltr'><strong>tractant</strong></span> 
     </span>
     <span class='ocr_line' id='line_1_27' title="bbox 202 2893 1213 2972; baseline 0 -18"><span class='ocrx_word' id='word_1_189' title='bbox 202 2903 422 2970; x_wconf 83' lang='lat' dir='ltr'><strong>argumentum,</strong></span> <span class='ocrx_word' id='word_1_190' title='bbox 449 2893 580 2970; x_wconf 85' lang='lat' dir='ltr'><strong>Euripidi</strong></span> <span class='ocrx_word' id='word_1_191' title='bbox 598 2895 735 2971; x_wconf 87' lang='lat' dir='ltr'><strong>opposuit</strong></span> <span class='ocrx_word' id='word_1_192' title='bbox 753 2893 938 2972; x_wconf 86' lang='lat' dir='ltr'><strong>Sophoclem,</strong></span> <span class='ocrx_word' id='word_1_193' title='bbox 958 2897 1010 2955; x_wconf 90' lang='lat' dir='ltr'><strong>sed</strong></span> <span class='ocrx_word' id='word_1_194' title='bbox 1033 2895 1213 2971; x_wconf 84' lang='lat' dir='ltr'><strong>Aeschylum</strong></span> 
     </span>
     <span class='ocr_line' id='line_1_28' title="bbox 202 2987 1212 3064; baseline 0 -18"><span class='ocrx_word' id='word_1_195' title='bbox 202 2995 355 3064; x_wconf 85' lang='lat' dir='ltr'><strong>tamquam</strong></span> <span class='ocrx_word' id='word_1_196' title='bbox 382 3005 469 3049; x_wconf 83' lang='lat' dir='ltr'><strong>verae</strong></span> <span class='ocrx_word' id='word_1_197' title='bbox 497 2989 566 3047; x_wconf 88' lang='lat' dir='ltr'><strong>artis</strong></span> <span class='ocrx_word' id='word_1_198' title='bbox 596 2987 723 3063; x_wconf 80' lang='lat' dir='ltr'><strong>tragicae</strong></span> <span class='ocrx_word' id='word_1_199' title='bbox 751 2987 909 3064; x_wconf 87' lang='lat' dir='ltr'><strong>exemplar.</strong></span> <span class='ocrx_word' id='word_1_200' title='bbox 964 2987 1106 3063; x_wconf 84' lang='lat' dir='ltr'><strong>Aeschyli</strong></span> <span class='ocrx_word' id='word_1_201' title='bbox 1136 2989 1212 3048; x_wconf 89' lang='lat' dir='ltr'><strong>enim</strong></span> 
     </span>
     <span class='ocr_line' id='line_1_29' title="bbox 203 3079 1213 3157; baseline -0.002 -17"><span class='ocrx_word' id='word_1_202' title='bbox 203 3099 287 3140; x_wconf 79' lang='lat' dir='ltr'><strong>niusa</strong></span> <span class='ocrx_word' id='word_1_203' title='bbox 307 3099 401 3157; x_wconf 85' lang='lat' dir='ltr'><strong>paene</strong></span> <span class='ocrx_word' id='word_1_204' title='bbox 420 3080 504 3140; x_wconf 89' lang='lat' dir='ltr'><strong>nimis</strong></span> <span class='ocrx_word' id='word_1_205' title='bbox 530 3087 576 3140; x_wconf 89' lang='lat' dir='ltr'><strong>est</strong></span> <span class='ocrx_word' id='word_1_206' title='bbox 594 3099 697 3156; x_wconf 88' lang='lat' dir='ltr'><strong>aspera</strong></span> <span class='ocrx_word' id='word_1_207' title='bbox 713 3089 742 3140; x_wconf 89' lang='lat' dir='ltr'><strong>et</strong></span> <span class='ocrx_word' id='word_1_208' title='bbox 758 3081 837 3152; x_wconf 85' lang='lat' dir='ltr'><strong>dura,</strong></span> <span class='ocrx_word' id='word_1_209' title='bbox 857 3080 941 3140; x_wconf 89' lang='lat' dir='ltr'><strong>nimis</strong></span> <span class='ocrx_word' id='word_1_210' title='bbox 962 3079 1057 3140; x_wconf 87' lang='lat' dir='ltr'><strong>mollis</strong></span> <span class='ocrx_word' id='word_1_211' title='bbox 1072 3090 1102 3139; x_wconf 89' lang='lat' dir='ltr'><strong>et</strong></span> <span class='ocrx_word' id='word_1_212' title='bbox 1118 3080 1213 3139; x_wconf 88' lang='lat' dir='ltr'><strong>soluta</strong></span> 
     </span>
     <span class='ocr_line' id='line_1_30' title="bbox 203 3172 1213 3252; baseline -0.002 -18"><span class='ocrx_word' id='word_1_213' title='bbox 203 3173 359 3252; x_wconf 85' lang='lat' dir='ltr'><strong>Euripidis.</strong></span> <span class='ocrx_word' id='word_1_214' title='bbox 397 3172 561 3252; x_wconf 90' lang='lat' dir='ltr'><strong>Sophocles</strong></span> <span class='ocrx_word' id='word_1_215' title='bbox 588 3181 685 3234; x_wconf 89' lang='lat' dir='ltr'><strong>autem</strong></span> <span class='ocrx_word' id='word_1_216' title='bbox 712 3191 829 3234; x_wconf 84' lang='lat' dir='ltr'><strong>auream</strong></span> <span class='ocrx_word' id='word_1_217' title='bbox 857 3173 932 3235; x_wconf 83' lang='lat' dir='ltr'><strong>illam</strong></span> <span class='ocrx_word' id='word_1_218' title='bbox 957 3181 1037 3234; x_wconf 91' lang='lat' dir='ltr'><strong>tenet</strong></span> <span class='ocrx_word' id='word_1_219' title='bbox 1061 3173 1213 3234; x_wconf 89' lang='lat' dir='ltr'><strong>mediocri·</strong></span> 
     </span>
     <span class='ocr_line' id='line_1_31' title="bbox 201 3265 1212 3343; baseline -0.002 -16"><span class='ocrx_word' id='word_1_220' title='bbox 201 3274 312 3336; x_wconf 88' lang='lat' dir='ltr'><strong>tatem,</strong></span> <span class='ocrx_word' id='word_1_221' title='bbox 341 3284 414 3342; x_wconf 84' lang='lat' dir='ltr'><strong>quae</strong></span> <span class='ocrx_word' id='word_1_222' title='bbox 438 3274 483 3326; x_wconf 90' lang='lat' dir='ltr'><strong>est</strong></span> <span class='ocrx_word' id='word_1_223' title='bbox 507 3267 580 3325; x_wconf 88' lang='lat' dir='ltr'><strong>inter</strong></span> <span class='ocrx_word' id='word_1_224' title='bbox 604 3267 722 3325; x_wconf 90' lang='lat' dir='ltr'><strong>nimium</strong></span> <span class='ocrx_word' id='word_1_225' title='bbox 746 3275 776 3325; x_wconf 89' lang='lat' dir='ltr'><strong>et</strong></span> <span class='ocrx_word' id='word_1_226' title='bbox 799 3285 901 3343; x_wconf 88' lang='lat' dir='ltr'><strong>parum</strong></span> <span class='ocrx_word' id='word_1_227' title='bbox 926 3275 956 3326; x_wconf 90' lang='lat' dir='ltr'><strong>et</strong></span> <span class='ocrx_word' id='word_1_228' title='bbox 980 3265 1145 3326; x_wconf 86' lang='lat' dir='ltr'><strong>reconciliat</strong></span> <span class='ocrx_word' id='word_1_229' title='bbox 1166 3285 1212 3325; x_wconf 90' lang='lat' dir='ltr'><strong>res</strong></span> 
     </span>
     <span class='ocr_line' id='line_1_32' title="bbox 200 3357 1211 3438; baseline -0.005 -16"><span class='ocrx_word' id='word_1_230' title='bbox 200 3361 372 3422; x_wconf 88' lang='lat' dir='ltr'><strong>contrarias.</strong></span> <span class='ocrx_word' id='word_1_231' title='bbox 411 3357 455 3424; x_wconf 80' lang='lat' dir='ltr'><strong>Ci.</strong></span> <span class='ocrx_word' id='word_1_232' title='bbox 474 3359 607 3438; x_wconf 80' lang='lat' dir='ltr'><strong>Theogn.</strong></span> <span class='ocrx_word' id='word_1_233' title='bbox 628 3375 692 3436; x_wconf 80' lang='lat'><strong>335.</strong></span> <span class='ocrx_word' id='word_1_234' title='bbox 717 3359 840 3421; x_wconf 84' lang='lat' dir='ltr'><strong>Anstot</strong></span> <span class='ocrx_word' id='word_1_235' title='bbox 860 3359 927 3420; x_wconf 86' lang='lat' dir='ltr'><strong>Eth.</strong></span> <span class='ocrx_word' id='word_1_236' title='bbox 946 3359 1008 3419; x_wconf 84' lang='lat' dir='ltr'><strong>Nic</strong></span> <span class='ocrx_word' id='word_1_237' title='bbox 1028 3373 1054 3430; x_wconf 84' lang='lat' dir='ltr'><strong>a,</strong></span> <span class='ocrx_word' id='word_1_238' title='bbox 1072 3360 1101 3421; x_wconf 91' lang='grc'><strong>6.</strong></span> <span class='ocrx_word' id='word_1_239' title='bbox 1139 3357 1211 3417; x_wconf 84' lang='lat' dir='ltr'><strong>Hor.</strong></span> 
     </span>
     <span class='ocr_line' id='line_1_33' title="bbox 201 3451 1210 3532; baseline -0.003 -17"><span class='ocrx_word' id='word_1_240' title='bbox 201 3455 295 3532; x_wconf 84' lang='lat' dir='ltr'><strong>Epist</strong></span> <span class='ocrx_word' id='word_1_241' title='bbox 326 3468 351 3522; x_wconf 88' lang='lat' dir='ltr'><strong>r,</strong></span> <span class='ocrx_word' id='word_1_242' title='bbox 376 3457 418 3524; x_wconf 87' lang='grc'><strong>18,</strong></span> <span class='ocrx_word' id='word_1_243' title='bbox 436 3471 464 3530; x_wconf 88' lang='grc'><strong>9.</strong></span> <span class='ocrx_word' id='word_1_244' title='bbox 502 3453 604 3530; x_wconf 84' lang='lat' dir='ltr'><strong>ltaque</strong></span> <span class='ocrx_word' id='word_1_245' title='bbox 631 3455 694 3513; x_wconf 90' lang='lat' dir='ltr'><strong>sine</strong></span> <span class='ocrx_word' id='word_1_246' title='bbox 721 3454 811 3514; x_wconf 91' lang='lat' dir='ltr'><strong>dubio</strong></span> <span class='ocrx_word' id='word_1_247' title='bbox 838 3455 931 3514; x_wconf 89' lang='lat' dir='ltr'><strong>minus</strong></span> <span class='ocrx_word' id='word_1_248' title='bbox 955 3453 1061 3514; x_wconf 81' lang='lat' dir='ltr'><strong>efficax</strong></span> <span class='ocrx_word' id='word_1_249' title='bbox 1086 3451 1138 3513; x_wconf 84' lang='lat' dir='ltr'><strong>luit</strong></span> <span class='ocrx_word' id='word_1_250' title='bbox 1156 3451 1210 3513; x_wconf 86' lang='lat' dir='ltr'><strong>So·</strong></span> 
     </span>
     <span class='ocr_line' id='line_1_34' title="bbox 199 3545 1212 3625; baseline -0.003 -18"><span class='ocrx_word' id='word_1_251' title='bbox 199 3546 315 3625; x_wconf 85' lang='lat' dir='ltr'><strong>phoclis</strong></span> <span class='ocrx_word' id='word_1_252' title='bbox 340 3563 427 3622; x_wconf 87' lang='lat' dir='ltr'><strong>quam</strong></span> <span class='ocrx_word' id='word_1_253' title='bbox 452 3545 592 3623; x_wconf 84' lang='lat' dir='ltr'><strong>Aeschyli</strong></span> <span class='ocrx_word' id='word_1_254' title='bbox 619 3547 811 3624; x_wconf 87' lang='lat' dir='ltr'><strong>comparatio,</strong></span> <span class='ocrx_word' id='word_1_255' title='bbox 840 3565 927 3624; x_wconf 88' lang='lat' dir='ltr'><strong>quam</strong></span> <span class='ocrx_word' id='word_1_256' title='bbox 951 3547 1124 3607; x_wconf 86' lang='lat' dir='ltr'><strong>sententiam</strong></span> <span class='ocrx_word' id='word_1_257' title='bbox 1145 3546 1212 3605; x_wconf 89' lang='lat' dir='ltr'><strong>Ari·</strong></span> 
     </span>
     <span class='ocr_line' id='line_1_35' title="bbox 201 3639 1070 3720; baseline -0.005 -18"><span class='ocrx_word' id='word_1_258' title='bbox 201 3639 365 3720; x_wconf 76' lang='lat' dir='ltr'><strong>stephane·</strong></span> <span class='ocrx_word' id='word_1_259' title='bbox 384 3639 576 3720; x_wconf 89' lang='lat' dir='ltr'><strong>pulcherrime</strong></span> <span class='ocrx_word' id='word_1_260' title='bbox 595 3639 636 3702; x_wconf 89' lang='lat' dir='ltr'><strong>sie</strong></span> <span class='ocrx_word' id='word_1_261' title='bbox 656 3639 851 3719; x_wconf 84' lang='lat' dir='ltr'><strong>pronuntiavit</strong></span> <span class='ocrx_word' id='word_1_262' title='bbox 870 3641 943 3703; x_wconf 85' lang='lat' dir='ltr'><strong>Ran.</strong></span> <span class='ocrx_word' id='word_1_263' title='bbox 963 3657 989 3700; x_wconf 84' lang='lat' dir='ltr'><strong>u.</strong></span> <span class='ocrx_word' id='word_1_264' title='bbox 1010 3644 1070 3702; x_wconf 73' lang='lat'><strong>82:</strong></span> 
     </span>
    </p>

    <p class='ocr_par' dir='ltr' id='par_1_6' title="bbox 317 3727 998 3814">
     <span class='ocr_line' id='line_1_36' title="bbox 317 3727 998 3814; baseline 0.004 -22"><span class='ocrx_word' id='word_1_265' title='bbox 317 3729 337 3792; x_wconf 85' lang='lat' dir='ltr'><strong>d</strong></span> <span class='ocrx_word' id='word_1_266' title='bbox 359 3727 516 3804; x_wconf 76' lang='lat' dir='ltr'><strong>d’etiaoloe</strong></span> <span class='ocrx_word' id='word_1_267' title='bbox 534 3734 591 3814; x_wconf 78' lang='lat' dir='ltr'><strong>plu</strong></span> <span class='ocrx_word' id='word_1_268' title='bbox 610 3730 731 3808; x_wconf 61' lang='lat' dir='ltr'><strong>terit,</strong></span> <span class='ocrx_word' id='word_1_269' title='bbox 751 3728 877 3806; x_wconf 77' lang='grc' dir='ltr'><strong><em>εὔκολος</em></strong></span> <span class='ocrx_word' id='word_1_270' title='bbox 896 3729 998 3797; x_wconf 73' lang='lat' dir='ltr'><strong>d&#39;iztt.</strong></span> 
     </span>
    </p>
   </div>
   <div class='ocr_carea' id='block_1_3' title="bbox 2049 435 2220 495">
    <p class='ocr_par' dir='ltr' id='par_1_7' title="bbox 2049 435 2220 495">
     <span class='ocr_line' id='line_1_37' title="bbox 2049 435 2220 495; baseline 0.006 -30"><span class='ocrx_word' id='word_1_271' title='bbox 2049 435 2220 495; x_wconf 85' lang='lat'><strong>..,-</strong></span> 
     </span>
    </p>
   </div>
   <div class='ocr_carea' id='block_1_4' title="bbox 1622 570 2637 1298">
    <p class='ocr_par' dir='ltr' id='par_1_8' title="bbox 1624 570 2637 1022">
     <span class='ocr_line' id='line_1_38' title="bbox 1626 570 2637 653; baseline 0.006 -23"><span class='ocrx_word' id='word_1_272' title='bbox 1626 570 1745 631; x_wconf 83' lang='lat' dir='ltr'><strong>Praeter</strong></span> <span class='ocrx_word' id='word_1_273' title='bbox 1763 591 1830 632; x_wconf 91' lang='lat' dir='ltr'><strong>eum</strong></span> <span class='ocrx_word' id='word_1_274' title='bbox 1851 573 1947 634; x_wconf 88' lang='lat' dir='ltr'><strong>locum</strong></span> <span class='ocrx_word' id='word_1_275' title='bbox 1967 572 2002 634; x_wconf 85' lang='lat' dir='ltr'><strong>cl.</strong></span> <span class='ocrx_word' id='word_1_276' title='bbox 2024 574 2096 634; x_wconf 88' lang='lat' dir='ltr'><strong>Rau.</strong></span> <span class='ocrx_word' id='word_1_277' title='bbox 2118 595 2144 632; x_wconf 81' lang='lat' dir='ltr'><strong>v.</strong></span> <span class='ocrx_word' id='word_1_278' title='bbox 2164 579 2326 651; x_wconf 77' lang='lat' dir='ltr'><strong>788—79q.</strong></span> <span class='ocrx_word' id='word_1_279' title='bbox 2351 579 2430 651; x_wconf 78' lang='lat'><strong>1516.</strong></span> <span class='ocrx_word' id='word_1_280' title='bbox 2470 578 2637 653; x_wconf 74' lang='lat' dir='ltr'><strong>Aeschylus</strong></span> 
     </span>
     <span class='ocr_line' id='line_1_39' title="bbox 1625 667 2636 743; baseline 0.007 -22"><span class='ocrx_word' id='word_1_281' title='bbox 1625 672 1730 734; x_wconf 91' lang='lat' dir='ltr'><strong>autem,</strong></span> <span class='ocrx_word' id='word_1_282' title='bbox 1757 682 1824 724; x_wconf 90' lang='lat' dir='ltr'><strong>cum</strong></span> <span class='ocrx_word' id='word_1_283' title='bbox 1845 668 1974 725; x_wconf 81' lang='lat' dir='ltr'><strong>maxime</strong></span> <span class='ocrx_word' id='word_1_284' title='bbox 2002 667 2116 726; x_wconf 86' lang='lat' dir='ltr'><strong>floreret</strong></span> <span class='ocrx_word' id='word_1_285' title='bbox 2142 675 2171 726; x_wconf 91' lang='lat' dir='ltr'><strong>et</strong></span> <span class='ocrx_word' id='word_1_286' title='bbox 2195 667 2336 743; x_wconf 85' lang='lat' dir='ltr'><strong>religione</strong></span> <span class='ocrx_word' id='word_1_287' title='bbox 2362 678 2392 727; x_wconf 93' lang='lat' dir='ltr'><strong>et</strong></span> <span class='ocrx_word' id='word_1_288' title='bbox 2415 671 2583 730; x_wconf 82' lang='lat' dir='ltr'><strong>austeritate</strong></span> <span class='ocrx_word' id='word_1_289' title='bbox 2608 681 2636 730; x_wconf 90' lang='lat' dir='ltr'><strong>et</strong></span> 
     </span>
     <span class='ocr_line' id='line_1_40' title="bbox 1625 759 2636 838; baseline 0.004 -22"><span class='ocrx_word' id='word_1_290' title='bbox 1625 760 1767 832; x_wconf 86' lang='lat' dir='ltr'><strong>gravitate</strong></span> <span class='ocrx_word' id='word_1_291' title='bbox 1795 767 1824 818; x_wconf 91' lang='lat' dir='ltr'><strong>et</strong></span> <span class='ocrx_word' id='word_1_292' title='bbox 1850 760 2009 820; x_wconf 87' lang='lat' dir='ltr'><strong>acerbitate</strong></span> <span class='ocrx_word' id='word_1_293' title='bbox 2037 769 2067 820; x_wconf 94' lang='lat' dir='ltr'><strong>et</strong></span> <span class='ocrx_word' id='word_1_294' title='bbox 2090 759 2242 836; x_wconf 89' lang='lat' dir='ltr'><strong>superbia,</strong></span> <span class='ocrx_word' id='word_1_295' title='bbox 2272 761 2418 838; x_wconf 83' lang='lat' dir='ltr'><strong>Euripidis</strong></span> <span class='ocrx_word' id='word_1_296' title='bbox 2446 772 2507 821; x_wconf 87' lang='lat' dir='ltr'><strong>erat</strong></span> <span class='ocrx_word' id='word_1_297' title='bbox 2534 765 2636 822; x_wconf 79' lang='lat' dir='ltr'><strong>adrer-</strong></span> 
     </span>
     <span class='ocr_line' id='line_1_41' title="bbox 1624 851 2635 933; baseline 0.006 -25"><span class='ocrx_word' id='word_1_298' title='bbox 1624 851 1716 909; x_wconf 88' lang='lat' dir='ltr'><strong>sarius</strong></span> <span class='ocrx_word' id='word_1_299' title='bbox 1743 853 1923 928; x_wconf 66' lang='lat' dir='ltr'><strong>aptissimusr</strong></span> <span class='ocrx_word' id='word_1_300' title='bbox 1943 851 1978 912; x_wconf 83' lang='lat' dir='ltr'><strong>ci.</strong></span> <span class='ocrx_word' id='word_1_301' title='bbox 2001 853 2151 933; x_wconf 79' lang='lat' dir='ltr'><strong>Welclreri</strong></span> <span class='ocrx_word' id='word_1_302' title='bbox 2171 853 2322 930; x_wconf 89' lang='lat' dir='ltr'><strong>Aristoph.</strong></span> <span class='ocrx_word' id='word_1_303' title='bbox 2352 854 2423 914; x_wconf 89' lang='lat' dir='ltr'><strong>Ran.</strong></span> <span class='ocrx_word' id='word_1_304' title='bbox 2453 875 2480 930; x_wconf 89' lang='lat' dir='ltr'><strong>p.</strong></span> <span class='ocrx_word' id='word_1_305' title='bbox 2509 857 2565 930; x_wconf 84' lang='lat'><strong>256</strong></span> <span class='ocrx_word' id='word_1_306' title='bbox 2590 876 2635 916; x_wconf 86' lang='lat' dir='ltr'><strong>ss..</strong></span> 
     </span>
     <span class='ocr_line' id='line_1_42' title="bbox 1624 944 2222 1022; baseline 0.007 -22"><span class='ocrx_word' id='word_1_307' title='bbox 1624 944 1672 1002; x_wconf 74' lang='lat' dir='ltr'><strong>irbi</strong></span> <span class='ocrx_word' id='word_1_308' title='bbox 1692 945 1821 1020; x_wconf 90' lang='lat' dir='ltr'><strong>pluribus</strong></span> <span class='ocrx_word' id='word_1_309' title='bbox 1842 947 1938 1004; x_wconf 84' lang='lat' dir='ltr'><strong>verbis</strong></span> <span class='ocrx_word' id='word_1_310' title='bbox 1958 947 1997 1006; x_wconf 95' lang='lat' dir='ltr'><strong>de</strong></span> <span class='ocrx_word' id='word_1_311' title='bbox 2016 963 2051 1006; x_wconf 90' lang='lat' dir='ltr'><strong>ea</strong></span> <span class='ocrx_word' id='word_1_312' title='bbox 2072 965 2102 1004; x_wconf 89' lang='lat' dir='ltr'><strong>re</strong></span> <span class='ocrx_word' id='word_1_313' title='bbox 2120 949 2222 1022; x_wconf 70' lang='lat' dir='ltr'><strong>agitur.</strong></span> 
     </span>
    </p>

    <p class='ocr_par' dir='ltr' id='par_1_9' title="bbox 1622 1035 2634 1298">
     <span class='ocr_line' id='line_1_43' title="bbox 1627 1035 2634 1117; baseline 0.002 -23"><span class='ocrx_word' id='word_1_314' title='bbox 1627 1069 1631 1075; x_wconf 95' lang='lat'>·</span> <span class='ocrx_word' id='word_1_315' title='bbox 1700 1035 1755 1095; x_wconf 81' lang='lat' dir='ltr'><strong>His</strong></span> <span class='ocrx_word' id='word_1_316' title='bbox 1774 1039 1942 1112; x_wconf 85' lang='lat' dir='ltr'><strong>praemissis</strong></span> <span class='ocrx_word' id='word_1_317' title='bbox 1962 1039 2113 1098; x_wconf 82' lang='lat' dir='ltr'><strong>videamus</strong></span> <span class='ocrx_word' id='word_1_318' title='bbox 2134 1041 2203 1106; x_wconf 87' lang='lat' dir='ltr'><strong>iam,</strong></span> <span class='ocrx_word' id='word_1_319' title='bbox 2223 1057 2283 1114; x_wconf 92' lang='lat' dir='ltr'><strong>quo</strong></span> <span class='ocrx_word' id='word_1_320' title='bbox 2307 1041 2399 1098; x_wconf 87' lang='lat' dir='ltr'><strong>modo</strong></span> <span class='ocrx_word' id='word_1_321' title='bbox 2421 1037 2634 1117; x_wconf 81' lang='lat' dir='ltr'><strong>Aristophanes</strong></span> 
     </span>
     <span class='ocr_line' id='line_1_44' title="bbox 1622 1125 2634 1210; baseline 0.008 -24"><span class='ocrx_word' id='word_1_322' title='bbox 1622 1125 1805 1203; x_wconf 88' lang='lat' dir='ltr'><strong>Aeschylum</strong></span> <span class='ocrx_word' id='word_1_323' title='bbox 1825 1133 1993 1207; x_wconf 89' lang='lat' dir='ltr'><strong>opposuerit</strong></span> <span class='ocrx_word' id='word_1_324' title='bbox 2012 1131 2149 1208; x_wconf 88' lang='lat' dir='ltr'><strong>Euripidi,</strong></span> <span class='ocrx_word' id='word_1_325' title='bbox 2169 1142 2199 1192; x_wconf 90' lang='lat' dir='ltr'><strong>et</strong></span> <span class='ocrx_word' id='word_1_326' title='bbox 2219 1133 2332 1208; x_wconf 86' lang='lat' dir='ltr'><strong>singula</strong></span> <span class='ocrx_word' id='word_1_327' title='bbox 2347 1136 2410 1193; x_wconf 83' lang='lat' dir='ltr'><strong>eius</strong></span> <span class='ocrx_word' id='word_1_328' title='bbox 2426 1136 2465 1194; x_wconf 92' lang='lat' dir='ltr'><strong>de</strong></span> <span class='ocrx_word' id='word_1_329' title='bbox 2481 1133 2634 1210; x_wconf 83' lang='lat' dir='ltr'><strong>Aeschylo</strong></span> 
     </span>
     <span class='ocr_line' id='line_1_45' title="bbox 1622 1220 2234 1298; baseline 0.01 -22"><span class='ocrx_word' id='word_1_330' title='bbox 1622 1220 1725 1279; x_wconf 87' lang='lat' dir='ltr'><strong>iudicia</strong></span> <span class='ocrx_word' id='word_1_331' title='bbox 1744 1238 1955 1298; x_wconf 83' lang='lat' dir='ltr'><strong>componamus</strong></span> <span class='ocrx_word' id='word_1_332' title='bbox 1975 1230 2004 1282; x_wconf 87' lang='lat' dir='ltr'><strong>et</strong></span> <span class='ocrx_word' id='word_1_333' title='bbox 2024 1227 2234 1284; x_wconf 84' lang='lat' dir='ltr'><strong>examinemus.</strong></span> 
     </span>
    </p>
   </div>
   <div class='ocr_carea' id='block_1_5' title="bbox 2082 1460 2216 1470">
    <p class='ocr_par' dir='ltr' id='par_1_10' title="bbox 2082 1460 2216 1470">
     <span class='ocr_line' id='line_1_46' title="bbox 2082 1460 2216 1470; baseline -0.007 0"><span class='ocrx_word' id='word_1_334' title='bbox 2082 1460 2216 1470; x_wconf 58' lang='lat' dir='ltr'><strong>noa——</strong></span> 
     </span>
    </p>
   </div>
   <div class='ocr_carea' id='block_1_6' title="bbox 1619 1681 2625 1908">
    <p class='ocr_par' dir='ltr' id='par_1_11' title="bbox 1619 1681 2625 1908">
     <span class='ocr_line' id='line_1_47' title="bbox 2109 1681 2142 1751; baseline -0.03 0"><span class='ocrx_word' id='word_1_335' title='bbox 2109 1681 2142 1751; x_wconf 86' lang='grc' dir='ltr'><strong>Β.</strong></span> 
     </span>
     <span class='ocr_line' id='line_1_48' title="bbox 1619 1807 2625 1908; baseline 0.008 -26"><span class='ocrx_word' id='word_1_336' title='bbox 1619 1807 1939 1902; x_wconf 81' lang='lat' dir='ltr'><strong>Aristophanis</strong></span> <span class='ocrx_word' id='word_1_337' title='bbox 1964 1813 2021 1887; x_wconf 86' lang='lat' dir='ltr'><strong>de</strong></span> <span class='ocrx_word' id='word_1_338' title='bbox 2040 1812 2260 1908; x_wconf 81' lang='lat' dir='ltr'><strong>Aeschyli</strong></span> <span class='ocrx_word' id='word_1_339' title='bbox 2286 1813 2415 1906; x_wconf 87' lang='lat' dir='ltr'><strong>poesi</strong></span> <span class='ocrx_word' id='word_1_340' title='bbox 2441 1813 2625 1892; x_wconf 85' lang='lat' dir='ltr'><strong>iudicia.</strong></span> 
     </span>
    </p>
   </div>
   <div class='ocr_carea' id='block_1_7' title="bbox 2052 1997 2187 2077">
    <p class='ocr_par' dir='ltr' id='par_1_12' title="bbox 2052 1997 2187 2077">
     <span class='ocr_line' id='line_1_49' title="bbox 2052 1997 2187 2077; baseline 0 -19"><span class='ocrx_word' id='word_1_341' title='bbox 2052 1997 2147 2077; x_wconf 79' lang='lat' dir='ltr'><strong>Capru</strong></span> <span class='ocrx_word' id='word_1_342' title='bbox 2168 1999 2187 2059; x_wconf 88' lang='lat' dir='ltr'><strong>l.</strong></span> 
     </span>
    </p>
   </div>
   <div class='ocr_carea' id='block_1_8' title="bbox 1889 2134 2347 2337">
    <p class='ocr_par' dir='ltr' id='par_1_13' title="bbox 1889 2134 2347 2337">
     <span class='ocr_line' id='line_1_50' title="bbox 1889 2134 2347 2214; baseline 0.011 -21"><span class='ocrx_word' id='word_1_343' title='bbox 1889 2134 1936 2194; x_wconf 82' lang='lat' dir='ltr'><strong>Dr·</strong></span> <span class='ocrx_word' id='word_1_344' title='bbox 1956 2136 2089 2211; x_wconf 71' lang='lat' dir='ltr'><strong>tlcsclrylr&#39;</strong></span> <span class='ocrx_word' id='word_1_345' title='bbox 2104 2137 2217 2214; x_wconf 77' lang='lat' dir='ltr'><strong>r&#39;rrgrur&#39;u</strong></span> <span class='ocrx_word' id='word_1_346' title='bbox 2234 2139 2347 2198; x_wconf 80' lang='lat' dir='ltr'><strong>r&#39;rrdr&#39;cr&#39;a.</strong></span> 
     </span>
     <span class='ocr_line' id='line_1_51' title="bbox 1936 2277 2304 2337; baseline 0.016 -18"><span class='ocrx_word' id='word_1_347' title='bbox 1936 2277 1957 2330; x_wconf 64' lang='grc' dir='ltr'><strong>ὅ.</strong></span> <span class='ocrx_word' id='word_1_348' title='bbox 1976 2287 1995 2322; x_wconf 93' lang='grc'><strong>1.</strong></span> <span class='ocrx_word' id='word_1_349' title='bbox 2029 2277 2064 2322; x_wconf 85' lang='lat' dir='ltr'><strong>De</strong></span> <span class='ocrx_word' id='word_1_350' title='bbox 2080 2277 2187 2322; x_wconf 75' lang='lat' dir='ltr'><strong>uniuerso</strong></span> <span class='ocrx_word' id='word_1_351' title='bbox 2203 2279 2304 2337; x_wconf 73' lang='lat' dir='ltr'><strong>ingenio.</strong></span> 
     </span>
    </p>
   </div>
   <div class='ocr_carea' id='block_1_9' title="bbox 1606 2393 2621 3756">
    <p class='ocr_par' dir='ltr' id='par_1_14' title="bbox 1610 2393 2621 2752">
     <span class='ocr_line' id='line_1_52' title="bbox 1690 2393 2620 2477; baseline 0.008 -24"><span class='ocrx_word' id='word_1_352' title='bbox 1690 2393 1764 2454; x_wconf 90' lang='lat' dir='ltr'><strong>Cum</strong></span> <span class='ocrx_word' id='word_1_353' title='bbox 1784 2398 1904 2454; x_wconf 91' lang='lat' dir='ltr'><strong>omnino</strong></span> <span class='ocrx_word' id='word_1_354' title='bbox 1923 2414 2040 2455; x_wconf 86' lang='lat' dir='ltr'><strong>summo</strong></span> <span class='ocrx_word' id='word_1_355' title='bbox 2063 2399 2181 2473; x_wconf 90' lang='lat' dir='ltr'><strong>quidem</strong></span> <span class='ocrx_word' id='word_1_356' title='bbox 2204 2399 2417 2476; x_wconf 83' lang='lat' dir='ltr'><strong>Aristophanes</strong></span> <span class='ocrx_word' id='word_1_357' title='bbox 2438 2400 2620 2477; x_wconf 81' lang='lat' dir='ltr'><strong>Aeschylum</strong></span> 
     </span>
     <span class='ocr_line' id='line_1_53' title="bbox 1610 2487 2620 2570; baseline 0.009 -25"><span class='ocrx_word' id='word_1_358' title='bbox 1610 2487 1795 2563; x_wconf 91' lang='lat' dir='ltr'><strong>amplectitur</strong></span> <span class='ocrx_word' id='word_1_359' title='bbox 1814 2507 1922 2557; x_wconf 84' lang='lat' dir='ltr'><strong>anrore,</strong></span> <span class='ocrx_word' id='word_1_360' title='bbox 1942 2497 2003 2548; x_wconf 90' lang='lat' dir='ltr'><strong>tum</strong></span> <span class='ocrx_word' id='word_1_361' title='bbox 2024 2490 2090 2550; x_wconf 90' lang='lat' dir='ltr'><strong>ideo</strong></span> <span class='ocrx_word' id='word_1_362' title='bbox 2109 2509 2224 2550; x_wconf 82' lang='lat' dir='ltr'><strong>sunrma</strong></span> <span class='ocrx_word' id='word_1_363' title='bbox 2244 2493 2326 2552; x_wconf 78' lang='lat' dir='ltr'><strong>effert</strong></span> <span class='ocrx_word' id='word_1_364' title='bbox 2347 2492 2438 2563; x_wconf 89' lang='lat' dir='ltr'><strong>laude,</strong></span> <span class='ocrx_word' id='word_1_365' title='bbox 2460 2495 2539 2570; x_wconf 92' lang='lat' dir='ltr'><strong>quod</strong></span> <span class='ocrx_word' id='word_1_366' title='bbox 2559 2496 2620 2554; x_wconf 68' lang='lat' dir='ltr'><strong>eius</strong></span> 
     </span>
     <span class='ocr_line' id='line_1_54' title="bbox 1612 2579 2621 2665; baseline 0.01 -29"><span class='ocrx_word' id='word_1_367' title='bbox 1612 2579 1770 2654; x_wconf 82' lang='lat' dir='ltr'><strong>tragoediis</strong></span> <span class='ocrx_word' id='word_1_368' title='bbox 1786 2581 1876 2639; x_wconf 82' lang='lat' dir='ltr'><strong>virtus</strong></span> <span class='ocrx_word' id='word_1_369' title='bbox 1892 2579 2072 2658; x_wconf 70' lang='lat' dir='ltr'><strong>sanitasque</strong></span> <span class='ocrx_word' id='word_1_370' title='bbox 2084 2583 2171 2642; x_wconf 88' lang='lat' dir='ltr'><strong>animi</strong></span> <span class='ocrx_word' id='word_1_371' title='bbox 2189 2585 2337 2654; x_wconf 90' lang='lat' dir='ltr'><strong>docentur,</strong></span> <span class='ocrx_word' id='word_1_372' title='bbox 2358 2595 2509 2645; x_wconf 85' lang='lat' dir='ltr'><strong>servantur</strong></span> <span class='ocrx_word' id='word_1_373' title='bbox 2522 2589 2621 2665; x_wconf 88' lang='lat' dir='ltr'><strong>opinio</strong></span> 
     </span>
     <span class='ocr_line' id='line_1_55' title="bbox 1611 2672 2424 2752; baseline 0.009 -23"><span class='ocrx_word' id='word_1_374' title='bbox 1611 2672 1733 2731; x_wconf 88' lang='lat' dir='ltr'><strong>deorum</strong></span> <span class='ocrx_word' id='word_1_375' title='bbox 1753 2681 1783 2731; x_wconf 90' lang='lat' dir='ltr'><strong>et</strong></span> <span class='ocrx_word' id='word_1_376' title='bbox 1803 2681 1867 2732; x_wconf 88' lang='lat' dir='ltr'><strong>tota</strong></span> <span class='ocrx_word' id='word_1_377' title='bbox 1886 2673 2108 2734; x_wconf 87' lang='lat' dir='ltr'><strong>Atheniensium</strong></span> <span class='ocrx_word' id='word_1_378' title='bbox 2128 2676 2280 2752; x_wconf 90' lang='lat' dir='ltr'><strong>disciplina</strong></span> <span class='ocrx_word' id='word_1_379' title='bbox 2299 2678 2424 2752; x_wconf 87' lang='lat' dir='ltr'><strong>antiqua.</strong></span> 
     </span>
    </p>

    <p class='ocr_par' dir='ltr' id='par_1_15' title="bbox 1609 2765 2620 3200">
     <span class='ocr_line' id='line_1_56' title="bbox 1688 2765 2619 2848; baseline 0.009 -24"><span class='ocrx_word' id='word_1_380' title='bbox 1688 2765 1764 2842; x_wconf 88' lang='lat' dir='ltr'><strong>Quin</strong></span> <span class='ocrx_word' id='word_1_381' title='bbox 1788 2767 1875 2826; x_wconf 87' lang='lat' dir='ltr'><strong>etiam</strong></span> <span class='ocrx_word' id='word_1_382' title='bbox 1900 2767 1939 2826; x_wconf 91' lang='lat' dir='ltr'><strong>de</strong></span> <span class='ocrx_word' id='word_1_383' title='bbox 1968 2767 2081 2828; x_wconf 92' lang='lat' dir='ltr'><strong>dicendi</strong></span> <span class='ocrx_word' id='word_1_384' title='bbox 2108 2788 2216 2846; x_wconf 83' lang='lat' dir='ltr'><strong>genere</strong></span> <span class='ocrx_word' id='word_1_385' title='bbox 2237 2772 2311 2831; x_wconf 89' lang='lat' dir='ltr'><strong>inter</strong></span> <span class='ocrx_word' id='word_1_386' title='bbox 2329 2791 2362 2832; x_wconf 89' lang='lat' dir='ltr'><strong>se</strong></span> <span class='ocrx_word' id='word_1_387' title='bbox 2381 2790 2468 2848; x_wconf 82' lang='lat' dir='ltr'><strong>quant</strong></span> <span class='ocrx_word' id='word_1_388' title='bbox 2490 2775 2619 2833; x_wconf 77' lang='lat' dir='ltr'><strong>niaxime</strong></span> 
     </span>
     <span class='ocr_line' id='line_1_57' title="bbox 1610 2859 2620 2943; baseline 0.012 -28"><span class='ocrx_word' id='word_1_389' title='bbox 1610 2861 1774 2918; x_wconf 89' lang='lat' dir='ltr'><strong>consentire</strong></span> <span class='ocrx_word' id='word_1_390' title='bbox 1796 2859 1933 2920; x_wconf 77' lang='lat' dir='ltr'><strong>sidentur</strong></span> <span class='ocrx_word' id='word_1_391' title='bbox 1956 2861 2121 2939; x_wconf 88' lang='lat' dir='ltr'><strong>Aeschylus</strong></span> <span class='ocrx_word' id='word_1_392' title='bbox 2145 2873 2175 2923; x_wconf 95' lang='lat' dir='ltr'><strong>et</strong></span> <span class='ocrx_word' id='word_1_393' title='bbox 2195 2863 2423 2942; x_wconf 88' lang='lat' dir='ltr'><strong>Aristophanes,</strong></span> <span class='ocrx_word' id='word_1_394' title='bbox 2451 2884 2518 2926; x_wconf 88' lang='lat' dir='ltr'><strong>nam</strong></span> <span class='ocrx_word' id='word_1_395' title='bbox 2544 2887 2620 2943; x_wconf 85' lang='lat' dir='ltr'><strong>quau</strong></span> 
     </span>
     <span class='ocr_line' id='line_1_58' title="bbox 1610 2951 2617 3033; baseline 0.011 -24"><span class='ocrx_word' id='word_1_396' title='bbox 1610 2953 1638 3010; x_wconf 90' lang='lat' dir='ltr'><strong>in</strong></span> <span class='ocrx_word' id='word_1_397' title='bbox 1659 2951 1740 3011; x_wconf 88' lang='lat' dir='ltr'><strong>Pacis</strong></span> <span class='ocrx_word' id='word_1_398' title='bbox 1768 2954 1901 3028; x_wconf 81' lang='lat' dir='ltr'><strong>parabasi</strong></span> <span class='ocrx_word' id='word_1_399' title='bbox 1931 2974 1957 3016; x_wconf 90' lang='lat' dir='ltr'><strong>v.</strong></span> <span class='ocrx_word' id='word_1_400' title='bbox 1983 2969 2041 3032; x_wconf 86' lang='lat'><strong>749</strong></span> <span class='ocrx_word' id='word_1_401' title='bbox 2068 2975 2091 3016; x_wconf 91' lang='lat' dir='ltr'><strong>s.</strong></span> <span class='ocrx_word' id='word_1_402' title='bbox 2113 2959 2158 3016; x_wconf 87' lang='lat' dir='ltr'><strong>ed.</strong></span> <span class='ocrx_word' id='word_1_403' title='bbox 2180 2958 2284 3033; x_wconf 81' lang='lat' dir='ltr'><strong>llerglr.</strong></span> <span class='ocrx_word' id='word_1_404' title='bbox 2313 2961 2350 3018; x_wconf 87' lang='lat' dir='ltr'><strong>de</strong></span> <span class='ocrx_word' id='word_1_405' title='bbox 2377 2978 2410 3019; x_wconf 90' lang='lat' dir='ltr'><strong>se</strong></span> <span class='ocrx_word' id='word_1_406' title='bbox 2437 2959 2503 3019; x_wconf 85' lang='lat' dir='ltr'><strong>iacit</strong></span> <span class='ocrx_word' id='word_1_407' title='bbox 2528 2962 2617 3020; x_wconf 82' lang='lat' dir='ltr'><strong>rerba</strong></span> 
     </span>
     <span class='ocr_line' id='line_1_59' title="bbox 1610 3041 2619 3128; baseline 0.011 -27"><span class='ocrx_word' id='word_1_408' title='bbox 1610 3041 1830 3120; x_wconf 90' lang='lat' dir='ltr'><strong>Aristophanes,</strong></span> <span class='ocrx_word' id='word_1_409' title='bbox 1849 3049 2000 3122; x_wconf 87' lang='lat' dir='ltr'><strong>aptissima</strong></span> <span class='ocrx_word' id='word_1_410' title='bbox 2019 3052 2142 3108; x_wconf 88' lang='lat' dir='ltr'><strong>suntad</strong></span> <span class='ocrx_word' id='word_1_411' title='bbox 2165 3050 2304 3126; x_wconf 84' lang='lat' dir='ltr'><strong>Aeschyli</strong></span> <span class='ocrx_word' id='word_1_412' title='bbox 2329 3070 2445 3128; x_wconf 89' lang='lat' dir='ltr'><strong>quoque</strong></span> <span class='ocrx_word' id='word_1_413' title='bbox 2464 3070 2556 3128; x_wconf 81' lang='lat' dir='ltr'><strong>genus</strong></span> <span class='ocrx_word' id='word_1_414' title='bbox 2575 3055 2619 3112; x_wconf 88' lang='lat' dir='ltr'><strong>di·</strong></span> 
     </span>
     <span class='ocr_line' id='line_1_60' title="bbox 1609 3137 1923 3200; baseline 0.016 -5"><span class='ocrx_word' id='word_1_415' title='bbox 1609 3137 1692 3195; x_wconf 88' lang='lat' dir='ltr'><strong>cendi</strong></span> <span class='ocrx_word' id='word_1_416' title='bbox 1713 3137 1923 3200; x_wconf 88' lang='lat' dir='ltr'><strong>illustrandum:</strong></span> 
     </span>
    </p>

    <p class='ocr_par' dir='ltr' id='par_1_16' title="bbox 1722 3229 2617 3403">
     <span class='ocr_line' id='line_1_61' title="bbox 1722 3229 2617 3318; baseline 0.008 -26"><span class='ocrx_word' id='word_1_417' title='bbox 1722 3229 1840 3311; x_wconf 67' lang='lat' dir='ltr'><strong>iaolryor</strong></span> <span class='ocrx_word' id='word_1_418' title='bbox 1862 3232 1972 3313; x_wconf 69' lang='grc' dir='ltr'><em>τέχνην</em></span> <span class='ocrx_word' id='word_1_419' title='bbox 1989 3231 2121 3316; x_wconf 74' lang='grc' dir='ltr'><strong>μεγάλην</strong></span> <span class='ocrx_word' id='word_1_420' title='bbox 2137 3231 2208 3317; x_wconf 67' lang='grc' dir='ltr'><strong>ἡμὴ·</strong></span> <span class='ocrx_word' id='word_1_421' title='bbox 2227 3231 2399 3316; x_wconf 66' lang='lat' dir='ltr'><strong>erisiam?</strong></span> <span class='ocrx_word' id='word_1_422' title='bbox 2417 3231 2617 3318; x_wconf 66' lang='grc' dir='ltr'><strong>οἰκοδομήσει.-</strong></span> 
     </span>
     <span class='ocr_line' id='line_1_62' title="bbox 1722 3321 2302 3403; baseline 0.014 -21"><span class='ocrx_word' id='word_1_423' title='bbox 1722 3321 1824 3384; x_wconf 72' lang='lat' dir='ltr'><strong>issou-</strong></span> <span class='ocrx_word' id='word_1_424' title='bbox 1841 3324 1983 3403; x_wconf 74' lang='grc' dir='ltr'><strong>μεγάλως</strong></span> <span class='ocrx_word' id='word_1_425' title='bbox 2002 3329 2052 3388; x_wconf 76' lang='lat' dir='ltr'><strong>xnl</strong></span> <span class='ocrx_word' id='word_1_426' title='bbox 2072 3329 2220 3398; x_wconf 78' lang='lat' dir='ltr'><strong>dturolmc</strong></span> <span class='ocrx_word' id='word_1_427' title='bbox 2239 3332 2302 3390; x_wconf 72' lang='grc'><strong>1111.</strong></span> 
     </span>
    </p>

    <p class='ocr_par' dir='ltr' id='par_1_17' title="bbox 1684 3415 2611 3498">
     <span class='ocr_line' id='line_1_63' title="bbox 1684 3415 2611 3498; baseline 0.004 -23"><span class='ocrx_word' id='word_1_428' title='bbox 1684 3415 1780 3494; x_wconf 83' lang='lat' dir='ltr'><strong>Quem</strong></span> <span class='ocrx_word' id='word_1_429' title='bbox 1799 3418 1838 3477; x_wconf 93' lang='lat' dir='ltr'><strong>ad</strong></span> <span class='ocrx_word' id='word_1_430' title='bbox 1858 3419 1953 3478; x_wconf 91' lang='lat' dir='ltr'><strong>locum</strong></span> <span class='ocrx_word' id='word_1_431' title='bbox 1973 3419 2009 3482; x_wconf 85' lang='lat' dir='ltr'><strong>cl.</strong></span> <span class='ocrx_word' id='word_1_432' title='bbox 2031 3421 2104 3484; x_wconf 78' lang='lat' dir='ltr'><strong>lian.</strong></span> <span class='ocrx_word' id='word_1_433' title='bbox 2127 3435 2216 3494; x_wconf 81' lang='lat'><strong>1004,</strong></span> <span class='ocrx_word' id='word_1_434' title='bbox 2236 3420 2283 3480; x_wconf 91' lang='lat' dir='ltr'><strong>ubi</strong></span> <span class='ocrx_word' id='word_1_435' title='bbox 2304 3419 2410 3482; x_wconf 89' lang='lat' dir='ltr'><strong>chorus</strong></span> <span class='ocrx_word' id='word_1_436' title='bbox 2431 3421 2611 3498; x_wconf 86' lang='lat' dir='ltr'><strong>Aeschylum</strong></span> 
     </span>
    </p>

    <p class='ocr_par' dir='ltr' id='par_1_18' title="bbox 1606 3509 2612 3756">
     <span class='ocr_line' id='line_1_64' title="bbox 1606 3509 1808 3585; baseline 0.01 -19"><span class='ocrx_word' id='word_1_437' title='bbox 1606 3511 1646 3566; x_wconf 89' lang='lat' dir='ltr'><strong>sic</strong></span> <span class='ocrx_word' id='word_1_438' title='bbox 1665 3509 1808 3585; x_wconf 86' lang='lat' dir='ltr'><strong>appellat:</strong></span> 
     </span>
     <span class='ocr_line' id='line_1_65' title="bbox 1720 3591 2612 3687; baseline 0.003 -26"><span class='ocrx_word' id='word_1_439' title='bbox 1720 3593 1794 3674; x_wconf 75' lang='grc' dir='ltr'><strong><em>ἀλλ’,</em></strong></span> <span class='ocrx_word' id='word_1_440' title='bbox 1808 3591 1965 3678; x_wconf 74' lang='lat' dir='ltr'><strong>oiapoiroc</strong></span> <span class='ocrx_word' id='word_1_441' title='bbox 1979 3599 2199 3687; x_wconf 59' lang='lat' dir='ltr'><strong>rastitium·</strong></span> <span class='ocrx_word' id='word_1_442' title='bbox 2211 3604 2371 3686; x_wconf 68' lang='grc' dir='ltr'><strong>πυργώσας</strong></span> <span class='ocrx_word' id='word_1_443' title='bbox 2386 3603 2504 3687; x_wconf 65' lang='grc' dir='ltr'><em>ῥήματα</em></span> <span class='ocrx_word' id='word_1_444' title='bbox 2519 3603 2612 3684; x_wconf 76' lang='lat' dir='ltr'><strong>otyrrsi</strong></span> 
     </span>
     <span class='ocr_line' id='line_1_66' title="bbox 1719 3697 1781 3756; baseline 0 -1"><span class='ocrx_word' id='word_1_445' title='bbox 1719 3697 1781 3756; x_wconf 72' lang='lat' dir='ltr'><strong>ert</strong></span> 
     </span>
    </p>
   </div>
   <div class='ocr_carea' id='block_1_10' title="bbox 2486 3747 2501 3782">
    <p class='ocr_par' dir='ltr' id='par_1_19' title="bbox 2486 3747 2501 3782">
     <span class='ocr_line' id='line_1_67' title="bbox 2486 3747 2501 3782; baseline 0 0"><span class='ocrx_word' id='word_1_446' title='bbox 2486 3747 2501 3782; x_wconf 57' lang='lat' dir='ltr'><strong>b</strong></span> 
     </span>
    </p>
   </div>
   <div class='ocr_carea' id='block_1_11' title="bbox 0 0 2860 4266">
    <p class='ocr_par' dir='ltr' id='par_1_20' title="bbox 0 0 2860 4266">
     <span class='ocr_line' id='line_1_68' title="bbox 0 0 2860 4266; baseline 0 4"><span class='ocrx_word' id='word_1_447' title='bbox 0 0 2860 4266; x_wconf 95' lang='lat' dir='ltr'><strong> </strong></span> 
     </span>
    </p>
   </div>
  </div>
 </body>
</html>
