5710 4266
313 560 491 630 Schola,
519 562 566 622 De
590 561 763 639 imaginibus
787 569 817 622 et
841 560 967 637 figurata
987 561 1129 638 Aeschyli
1152 563 1250 624 elocu-

236 652 323 722 tione.
343 653 490 715 llalberst
515 656 595 728 1854

313 744 422 817 Todt‚
455 745 501 806 De
529 743 684 822 Aeschylo
717 745 928 806 vocabulorum
959 746 1118 806 inventore.
1167 746 1249 806 ilalis
1296 781 1298 788 ι

234 835 307 900 Sax.
332 838 412 913 1855·
432 852 461 909 4
741 881 745 888 .

311 928 418 998 Tuch.
447 929 493 989 De
512 926 655 1004 Aeschyli
675 928 800 1004 figurata
824 927 997 998 elocutione,
1024 929 1249 1006 Wittenbergae

236 1021 319 1096 ¹⁸⁶o
338 1035 366 1092 4
386 1019 495 1096 cyma
515 1019 615 1095 Prosr·
636 1033 674 1092 24
693 1039 743 1096 se·

310 1109 612 1186 0.Woltersdorl‚
632 1111 775 1172 Dictionis
788 1111 970 1190 Aeschyleae
989 1115 1017 1172 ln
1033 1112 1157 1189 dialogis
1173 1131 1248 1189 quae

231 1205 291 1262 sint
309 1204 512 1280 proprietates
541 1203 630 1280 ienae
653 1206 734 1280 1874
754 1207 781 1264 8.
803 1219 841 1281 29
855 1223 904 1282 pp.
940 1205 1039 1264 Plures
1054 1207 1143 1266 etlam
1160 1205 1246 1264 libelii

232 1294 392 1356 slierunbur
411 1295 513 1355 Philoi
532 1309 579 1371 32.
598 1313 627 1372 p.
648 1298 714 1371 318.

502 1451 521 1512 l.
536 1465 560 1512 4.
591 1453 629 1500 De
645 1452 754 1514 Aeschyli
770 1453 874 1516 prologis
889 1454 981 1504 iudicis.

310 1574 371 1636 Ubi
391 1576 526 1648 omnino,
553 1577 705 1653 quomodo
732 1577 806 1636 inter
832 1595 865 1636 se
890 1575 1025 1636 diiierant
1049 1575 1188 1652 Aeschyli
1216 1587 1246 1637 et

231 1665 379 1745 Euripidis
395 1665 517 1739 fabulae,
534 1669 733 1728 examinatum
750 1677 802 1737 est,
820 1669 847 1726 in
863 1669 953 1728 Ranis
968 1667 1075 1728 chorus
1088 1669 1116 1727 in
1132 1671 1246 1729 cantico

230 1761 444 1837 (1099-1118)
463 1761 653 1831 adversarios,
671 1768 703 1820 ut
723 1760 851 1838 singulas
871 1759 1033 1821 fabularum
1057 1771 1155 1840 partes
1175 1781 1245 1822 exa-

230 1855 350 1924 minent,
369 1851 549 1915 adhortatur.
580 1853 682 1932 ltaque
697 1855 862 1932 episodium
878 1865 998 1916 sextum
1013 1874 1039 1914 ν.
1056 1869 1246 1932 1119-1250

229 1945 268 2008 de
281 1947 405 2008 duorum
422 1955 576 2026 poetarum
592 1949 655 2026 agit
669 1947 809 2026 prologis.
834 1948 952 2026 Prologi
968 1957 1067 2010 eutem
1083 1948 1243 2026 Aeschyiei

227 2059 289 2112 ese,
308 2043 525 2118 tragoediarum
552 2051 620 2102 sunt
646 2051 758 2120 partes,
786 2060 862 2119 quae
887 2044 1064 2120 praecedunt
1092 2043 1244 2120 parodum.

228 2133 277 2195 De
295 2133 337 2194 eis
356 2134 475 2211 quidem
494 2137 590 2211 agitur
608 2151 636 2194 ν.
660 2135 858 2212 sup-1176.

307 2225 389 2285 Duas
409 2227 465 2286 iam
486 2227 672 2304 potissimum
692 2247 739 2287 res
758 2228 912 2306 Euripides
932 2228 1167 2305 Aristophaneus
1192 2230 1244 2288 cri·

228 2319 300 2377 mlnl
328 2317 379 2377 dat
406 2318 566 2394 Aeschylos
596 2337 663 2378 cum
690 2320 901 2380 obscuritatem
933 2329 963 2381 et
990 2321 1184 2398 expositionis
1213 2328 1244 2380 et

226 2409 398 2471 elocutionis
417 2419 478 2471 tum
498 2411 676 2490 tautologlas
699 2431 788 2490 quam
809 2413 1037 2476 molestissimas.
1076 2413 1242 2492 Utrumque

225 2505 285 2564 iarn
312 2505 382 2582 lpsls
410 2505 617 2582 Aristophanis
645 2506 743 2567 verbis
771 2507 866 2567 allatis
893 2506 1143 2582 perlustrabimus.
1192 2507 1240 2566 Ac

225 2595 309 2654 lnltlo
323 2595 442 2671 quidem
450 2593 604 2672 Euripides
617 2597 660 2656 sie
672 2597 804 2674 appellat
812 2596 990 2673 Aeschylum
999 2614 1026 2655 ν.
1041 2603 1241 2671 1119-1122ἓ

341 2686 391 2749 πολ
411 2684 474 2768 μὴν
491 2683 537 2752 ἐπ’
559 2683 674 2762 αύτούς
692 2686 768 2762 τούς
785 2687 958 2769 προλόγους
977 2705 1034 2752 σου
1053 2689 1211 2770 τρέρομαι,

343 2771 430 2851 ὅπως
449 2777 487 2842 τύ
506 2783 636 2860 πρῶτον
655 2785 710 2861 τῆς
729 2781 899 2860 τραγῳύέας
915 2782 1007 2860 μέρος

343 2867 523 2958 προύτιοτον
542 2868 642 2936 αύτού
659 2877 796 2950 βασανιῶ
817 2877 874 2935 τοῦ
894 2873 1003 2950 δεξιοῦ.

341 2961 461 3046 ύοαρὴς
479 2963 536 3046 γὰρ
556 2957 595 3048 ἧν
614 2965 648 3028 ἐν
666 2969 706 3045 τῇ
724 2963 833 3045 φράσει
852 2967 918 3028 τούν
936 2963 1133 3046 πραγμάτων.

303 3057 415 3120 Versus
439 3073 512 3120 1122
532 3077 652 3138 prorsus
671 3079 711 3122 ex
732 3061 885 3137 Hartungii
904 3063 1048 3122 sententia
1072 3071 1117 3121 est
1137 3063 1240 3145 dictus,

222 3148 274 3225 qui
298 3149 393 3226 Eurip
420 3160 487 3210 rest
511 3166 522 3210 1
546 3169 574 3230 p
597 3164 651 3228 523
679 3151 850 3230 Euripidem
879 3153 1132 3230 Aristophaneum
1160 3161 1239 3212 recte

218 3241 365 3320 carigare
384 3241 521 3320 Aeschyli
540 3243 681 3322 prologos
700 3253 809 3319 censet,
829 3263 924 3323 neque
943 3263 1015 3307 vero
1039 3265 1104 3307 eam
1124 3253 1239 3307 senten·

222 3333 296 3394 tiam
315 3335 460 3412 exemplis
479 3337 541 3396 eius
561 3337 748 3398 obscuritatis
766 3357 806 3397 ex
826 3337 963 3414 Aeschyli
987 3338 1119 3416 prologis
1142 3336 1237 3397 allatis

221 3423 396 3486 linnarsdam
416 3445 482 3488 esse
501 3429 631 3505 putavit,
658 3447 724 3490 uam
751 3431 849 3490 statim
874 3431 914 3489 lbi
934 3433 972 3490 ed
992 3429 1123 3490 niteram¹
1140 3447 1237 3506 repre·

221 3515 393 3577 heselonem
413 3520 522 3580 transit.
670 3537 673 3544 ·

298 3603 356 3668 Alii
376 3617 475 3670 autem
494 3611 571 3672 adeo
588 3629 655 3674 eum
676 3629 795 3673 versum
816 3631 873 3673 non
886 3613 1095 3690 probaverunt,
1115 3622 1148 3673 ut
1167 3631 1234 3674 eum

218 3697 310 3762 deleri
326 3701 468 3766 iusserim.
488 3699 708 3766 Acldelnelrlus
722 3705 851 3783 quidem,
872 3706 918 3766 οιιΙ
930 3705 1088 3766 assentitur
1096 3703 1235 3776 Koclrius,

1644 537 1721 596 hunc
1745 554 1862 597 versum
1888 537 1966 596 haud
1992 536 2082 596 dubie
2104 539 2234 613 spurium
2263 555 2329 596 esse
2355 546 2472 610 censet,
2498 555 2565 596 cum
2593 537 2662 595 nihil

1645 631 1672 688 in
1688 629 1881 708 prologomm
1897 629 2137 706 Aeschyleorum
2157 647 2281 689 censura
2291 628 2444 705 Euripides
2460 629 2663 705 reprehendat,

1644 724 1724 798 quod
1745 733 1859 800 spectet
1878 725 1917 782 ad
1937 725 2073 782 dictionis
2097 723 2126 780 in
2146 721 2233 782 rebus
2253 723 2422 781 ennarrandis
2441 721 2662 781 obscuritatem.

1644 814 1773 890 Bergkio
1792 832 1909 892 quoque
1928 815 1953 873 is
1972 831 2075 874 uersus
2094 820 2138 872 est
2158 821 2318 890 suspectus,
2337 831 2432 889 neque
2452 822 2550 872 tanuen
2571 812 2619 873 ille
2634 815 2662 872 in

1644 906 1806 968 labularum
1826 907 2112 984 Aristophanearum
2133 905 2313 983 praelatione
2332 907 2448 966 addidit
2467 925 2594 966 causum.

1722 999 1837 1075 Quibus
1869 1000 1938 1058 viris
1970 1000 2067 1058 doctis
2095 1017 2154 1056 non
2182 998 2336 1074 astipulor:
2369 1016 2464 1074 neque
2499 999 2663 1073 llurtnngio

1644 1091 1814 1168 Euripidem
1823 1091 2078 1168 Aristophaneum
2096 1099 2175 1150 recte
2190 1091 2348 1150 damnasse
2357 1089 2497 1164 Aeschyli
2514 1091 2663 1167 prologos,

1644 1202 1739 1259 neque
1759 1183 1917 1252 Meinelrio,
1941 1183 2009 1241 ideo
2029 1182 2106 1241 huuc
2126 1199 2243 1240 versum
2263 1200 2329 1240 esse
2347 1185 2556 1250 omitterulum,
2581 1182 2663 1256 quod
2782 1179 2785 1189 '

1644 1295 1703 1336 non
1723 1284 1893 1351 sequuntur,
1920 1277 1948 1333 in
1972 1276 2078 1350 quibus
2103 1273 2237 1332 dictionis
2260 1273 2289 1331 in
2314 1272 2401 1332 rebus
2421 1275 2590 1332 cummandis
2608 1272 2662 1331 ob·

1471 1334 1473 1361 ⁵
1566 1375 1574 1394 ·
1644 1369 1767 1430 scuritas
1793 1369 1891 1428 verbis
1917 1367 2025 1446 apertis
2053 1366 2290 1444 reprehendatur.
2330 1363 2471 1427 Aecum
2498 1365 2664 1440 llartunpio
2781 1415 2783 1424 ,

1644 1463 1762 1538 quidem
1782 1481 1840 1522 non
1860 1461 1963 1532 sentio,
1983 1463 2051 1538 quia
2073 1479 2130 1520 non
2147 1461 2300 1539 perspicio,
2319 1479 2372 1520 cur
2388 1459 2530 1536 Aeschyli
2546 1460 2663 1537 prologi

1644 1558 1701 1615 sint
1719 1555 1884 1615 damnandi.
1916 1552 2027 1614 Contra
2045 1555 2085 1613 ab
2099 1553 2238 1628 Euripide
2258 1552 2480 1630 Aristophaneo
2500 1553 2547 1612 hic
2563 1572 2663 1612 uersus

1644 1648 1794 1723 aptissime
1816 1645 1969 1722 profertur.
2009 1645 2113 1722 Neque
2139 1664 2211 1704 vero
2236 1647 2262 1703 in
2286 1647 2443 1706 comoedia
2467 1664 2588 1706 necoese
2611 1654 2664 1714 ess,

1644 1737 1718 1798 hanc
1725 1740 1899 1798 sententiam
1907 1741 1997 1798 docta
2009 1747 2148 1814 sequatur
2163 1741 2388 1814 argumentatio,
2403 1756 2491 1814 quam
2501 1737 2664 1798 llleinelrius

1644 1841 1674 1891 et
1699 1831 1832 1891 Kochius
1858 1831 2079 1908 exspectavisse
2108 1833 2251 1892 videntur.
2298 1832 2529 1908 Argumentatio
2556 1841 2664 1902 autem,

1643 1943 1719 2001 quae
1738 1925 1911 1984 comoediae
1931 1934 1975 1984 est
1996 1933 2078 2001 apta,
2099 1925 2218 1984 minime
2237 1927 2329 1996 duest,
2348 1923 2385 1986 cl.
2404 1925 2549 2003 Euripidis
2572 1927 2664 1986 verba

1643 2038 1669 2080 v.
1693 2033 1851 2092 1141-43.
1891 2017 1991 2093 ltaque
2016 2017 2068 2076 nisi
2096 2017 2169 2077 aliae
2189 2017 2347 2078 afferuntur
2371 2036 2489 2088 musae,
2516 2017 2662 2088 Meinelrii,

1642 2111 1766 2188 Bergkii
1786 2110 1894 2171 Koclrli
1914 2111 2089 2171 sententiam
2111 2129 2169 2170 non
2189 2129 2305 2187 sequor.

1719 2204 1954 2280 Perstringuntur
1968 2213 2069 2263 autem
2085 2203 2273 2278 abEuripirle'
2286 2202 2377 2262 verba
2387 2201 2511 2274 Orestis,
2522 2223 2541 2262 a
2555 2203 2662 2279 quibus

1642 2294 1780 2372 Aeschyli
1812 2295 1980 2371 Choephorl
2013 2315 2039 2353 v.
2079 2307 2150 2370 r-5
2185 2293 2339 2371 incipiunt,
2374 2293 2447 2354 haec
2474 2321 2512 2344 -
2533 2295 2607 2356 llari.
2634 2313 2662 2352 u.

1645 2389 1793 2448 1126-28
1814 2397 1844 2448 et
1868 2402 2005 2463 1172s.:
2299 2427 2301 2432 ·

1753 2477 1844 2559 Ἑρμῆ
1861 2477 1971 2558 χθόνιε
1990 2475 2114 2560 πατρῷ’
2135 2477 2322 2544 ἐποπτεύων
2340 2477 2448 2560 πρύτρ,

1756 2570 1859 2651 σωτὴρ
1879 2575 1972 2650 γενοῦ
1991 2593 2045 2650 μοι
2065 2568 2219 2651 ούμμαχύς
2247 2567 2271 2632 τ’
2294 2571 2473 2650 αέτονμέιιμ.

1755 2657 1821 2744 ἥκοι
1841 2661 1898 2743 γὰρ
1918 2663 1961 2736 εἰς
1979 2667 2038 2744 γῆν
2058 2661 2149 2744 trieris
2169 2665 2220 2728 πολ
2240 2665 2430 2744 κατέρχομαι.
2546 2736 2549 2742 1

1755 2753 1872 2834 τύμβον
1891 2752 1921 2818 δ’
1931 2752 1977 2819 ἐπ’
1999 2751 2087 2834 ὄχθῳ
2106 2758 2186 2834 spiris
2207 2755 2349 2836 πορρύοοον
2368 2757 2461 2834 πατρλ

1755 2843 1870 2921 κλύειν,
1890 2841 2026 2910 imisue

1716 2939 1842 2999 Primum
1872 2942 1991 3017 quidem
2019 2942 2049 2999 id
2075 2941 2220 3001 Oresteae
2251 2941 2363 3000 initium
2393 2938 2563 3014 ambiguum
2591 2957 2658 2998 esse

1639 3031 1791 3108 Euripides
1811 3033 1962 3093 contendit
1983 3033 2028 3092 his
2049 3033 2147 3093 verbis
2167 3051 2194 3093 v.
2218 3047 2380 3107 1141-431

1752 3118 1858 3202 πότερ’
1880 3114 1939 3185 οὖν
1957 3123 2018 3186 τύν
2034 3121 2153 3205 Ἑρμῆν,
2173 3121 2217 3196 sle
2235 3119 2370 3203 ύποτύρρ
2384 3117 2529 3184 ύπούλετο

1754 3209 1853 3278 αύτού
1871 3217 1980 3291 titulun
2000 3215 2034 3279 ἐκ
2055 3217 2229 3296 ρυναιιιελας
2246 3211 2334 3294 χιρύς

1754 3303 1858 3379 δόλοις
1876 3309 2046 3386 λαθραίοις,
2065 3305 2151 3371 ταῦτ’
2172 3305 2357 3372 ἐποπτεύειν
2376 3303 2453 3385 lym

1715 3399 1826 3474 Agitur
1855 3399 1911 3459 iam
1945 3403 1984 3461 de
2012 3401 2169 3462 verborum
2200 3393 2318 3476 πατρῷ’
2347 3394 2532 3460 ἐποπτεύων
2558 3392 2656 3472 κρύτρ

1639 3491 1885 3568 interpretatione
1926 3491 1994 3568 Qua
2014 3493 2053 3552 de
2073 3511 2105 3552 re
2124 3491 2240 3553 uberius
2262 3490 2397 3550 disseruit
2417 3488 2592 3548 Friteschius
2615 3489 2653 3545 ad

1639 3600 1665 3642 v.
1689 3584 1770 3659 1138.
1811 3581 1967 3660 Quaeritur
1985 3594 2093 3655 autem,
2113 3595 2208 3644 utrum
2227 3585 2372 3661 surripiet
2395 3581 2569 3642 adiectivum
2589 3595 2653 3654 per·

1638 3676 1728 3736 tinerd
1746 3676 1785 3736 ad
1805 3674 1919 3736 Orestis
1939 3685 2068 3754 patrem,
2095 3677 2367 3754 Agamemnonem,
2394 3693 2431 3735 an
2455 3674 2495 3734 ud
2518 3670 2652 3732 Mercurii
