5710 4266
597 369 790 416 -20-

263 509 314 570 Ad
332 527 360 572 v.
382 513 435 572 θθι
458 509 616 570 scholiasta
635 508 789 568 adnotavit
813 505 852 568 τὰ
882 507 941 585 μὲν
971 505 1091 587 ῥήματα
1123 509 1202 588 πρδς

186 603 244 668 τόν
273 599 440 683 Αλοχύλον,
467 600 507 665 τύ
533 601 567 664 ol
590 601 827 679 παραπρέσματα
847 597 926 679 πρὸς
948 599 1007 663 τόν
1031 596 1204 682 Εὐριπίδην

184 693 377 776 λεπτολόγαν
397 691 482 760 ὄντα.
529 693 604 755 Sunt
630 697 689 754 iam
717 694 766 770 qul
793 691 968 754 offenderunt
998 695 1026 753 in
1052 691 1199 775 ‘inpuro’

184 792 286 852 uerbo.
310 791 352 851 Ut
371 791 506 850 omittam
520 787 545 846 F
546 787 654 846 ranckii
666 788 862 847 coniecturam
878 783 1050 866 ’ῥήγματα’,
1069 787 1201 846 Kockius

185 883 272 944 sctibi
292 883 374 943 lussit
393 889 481 956 atque
501 881 610 956 rmepit
630 880 658 938 in
678 887 793 938 textum
811 878 930 956 πρέμνα
950 897 984 940 τι
1004 881 1021 940 Ι.
1037 897 1062 940 c
1082 887 1201 939 truncos

184 993 224 1036 sc
240 975 406 1042 uerborum,
421 974 502 1032 culus
516 971 669 1030 locutionis
685 973 821 1046 analogia
836 969 933 1030 afferri
948 978 1049 1048 potest
1062 989 1089 1030 v.
1105 985 1163 1047 90³
1176 991 1200 1031 s.

184 1062 407 1144 αὐτοπρέμνοις
425 1075 493 1136 τοις
511 1057 653 1142 λόγοισιν.

260 1155 437 1219 Frimchlus
464 1162 565 1216 censet
588 1150 707 1234 ῥήματα
725 1154 792 1212 voci
811 1155 963 1214 notionem
984 1156 1080 1214 inesse
1095 1150 1201 1214 ‘none

184 1251 238 1312 des
256 1244 350 1310 lmtt’
391 1247 481 1308 Cuius
508 1248 549 1306 rei
577 1245 715 1323 exempla
738 1245 824 1304 allent
847 1264 875 1307 ν.
899 1248 953 1306 821
977 1237 1089 1326 ῥήμαθ’
1111 1244 1201 1307 λππο·

182 1340 312 1422 alienun,
337 1361 364 1402 ν.
388 1344 447 1414 824
469 1337 589 1419 ῥήματα
612 1341 802 1416 γομφοπαγῆ,
829 1337 892 1397 alia
940 1336 1073 1415 Quorum
1101 1345 1201 1398 tamen

183 1436 316 1494 locorum
336 1433 470 1494 condicio
490 1449 609 1510 prorsus
625 1439 670 1490 est
686 1432 810 1500 diuersa,
826 1447 893 1489 cum
909 1429 1077 1506 appositum
1089 1431 1128 1489 sit
1144 1429 1201 1488 illic
1302 1427 1307 1440 '

181 1527 371 1595 adiectiuum,
394 1523 452 1583 hoc
479 1523 547 1582 loco
574 1523 659 1582 desit
697 1521 800 1597 ltaque
827 1518 946 1600 ῥήματα
971 1520 1106 1590 uerbum.
1133 1539 1199 1580 cum

181 1617 229 1678 hle
256 1617 336 1677 haud
361 1616 438 1677 bene
466 1615 546 1674 idem
573 1612 685 1691 opponi
719 1613 817 1674 uerbis
838 1605 1075 1692 ’παραπρίσματ’
1097 1605 1198 1674 έπούν’

180 1720 295 1790 putem,
314 1717 484 1789 nupcctum
505 1707 611 1768 habeo.
1007 1727 1009 1736 ’

261 1803 353 1866 Paulo
372 1800 447 1864 unica
465 1801 573 1863 chorus
593 1800 666 1862 haec
684 1800 834 1862 exclamat
852 1819 881 1861 ν.
899 1814 969 1878 9οοι

404 1911 583 1994 προσδοκᾶν
602 1901 662 1973 οὐν
677 1907 760 1982 sisic
778 1913 843 1974 έστι

405 2002 464 2068 τόν
481 2005 538 2084 μέν
557 1999 682 2068 ὐστειόν
701 2025 732 2066 τι
750 2002 833 2080 λέξαι

458 2099 509 2160 καὶ
529 2097 795 2178 κατερρινημένον,

406 2189 465 2254 τόν
484 2185 510 2252 δ’
520 2185 696 2252 ἀνασπῶντ’
718 2185 942 2270 αὐτοπρέμνοις

458 2295 524 2357 cole
543 2281 682 2363 λόγοισιν

402 2373 576 2458 ἐμπεσόντα
595 2377 746 2439 συσκεδᾶν
759 2379 832 2438 πολ·

456 2469 512 2543 lis
531 2463 722 2552 ἀλινδήθρας
739 2469 835 2534 ison.

260 2593 413 2656 Radicitus
422 2592 605 2670 Aeschylum
614 2593 761 2671 Euripidis
769 2593 879 2652 urbane
894 2594 972 2651 dicta
979 2591 1198 2669 locutionesque

176 2689 341 2752 lintatloses
363 2705 430 2748 esso
454 2690 537 2765 quasl
563 2685 728 2748 evulsurum
751 2684 912 2763 grandibus
939 2684 1036 2745 verbis
1061 2685 1197 2746 innuendo

176 2791 210 2844 et
231 2781 438 2858 dissipaturum
458 2779 564 2840 multas
583 2781 741 2839 verborum
761 2779 848 2838 tricas
868 2785 1050 2855 escspectant

257 2871 336 2934 Tum
355 2871 518 2950 Euripides,
541 2879 700 2948 postquam
724 2869 763 2929 de
786 2868 928 2945 Aeschyli
953 2869 1112 2930 labulsrum
1139 2870 1197 2928 dis·

178 2965 328 3047 positivae
347 2965 463 3027 locutus
482 2971 536 3037 est,
555 2963 629 3026 haee
649 2964 690 3024 alt
709 2979 738 3024 v.
755 2976 814 3040 924
832 2979 885 3024 ss:

549 3065 656 3156 ῥήματ’
678 3065 721 3134 ἄν
739 3067 826 3148 βόεια
845 3061 952 3134 tunsi
974 3065 1060 3134 εἷπεν

177 3181 256 3246 925..
298 3161 395 3246 ionic
414 3165 525 3244 ἔχοντα
543 3167 594 3228 καὶ
613 3160 739 3242 λόφους,
759 3157 831 3226 tent
852 3157 940 3238 όττα,
957 3159 1158 3243 μορμορωπά,

298 3249 440 3336 όγνοστα
458 3268 525 3330 τοις
543 3257 722 3336 θεωμένοις.

2071 389 2263 435 -γρ-

2085 524 2258 605 nutantum.
2330 493 2343 520 '

1775 621 1868 696 σαφὲς
1887 617 1967 682 δ’ἃν
1987 615 2072 684 τέκεν
2092 617 2165 682 οὐδὲ
2187 618 2228 682 έν.

2085 711 2242 784 Διόνυσος.

2057 796 2065 812 ”
2291 803 2333 885 μή
2351 818 2422 884 πρῖε
2443 807 2519 870 τούτ
2537 803 2678 879 «insinua

2078 894 2252 975 Εὐριπέδης.

1775 983 1839 1048 ἀλλ’
1857 985 2107 1069 ήΣκαμόνδρους
2123 985 2142 1070 ή
2150 986 2287 1066 τόςρους
2303 986 2321 1070 ή
2335 985 2377 1052 ’π’
2389 985 2530 1052 ὐσπέδιυι·
2544 989 2678 1062 ἐπόντας

1771 1081 1975 1159 γρυπαιέτους
1993 1080 2204 1162 χαλκηλάτους
2222 1083 2272 1142 καὶ
2297 1079 2409 1162 ῥήμαθ’
2418 1082 2618 1164 ἱππόκρημνα

1447 1209 1450 1216 “
1551 1240 1555 1250 .
1654 1185 1721 1246 930·
1776 1165 1976 1250 όξυμβιιλεέν
1994 1167 2034 1236 οὐ
2054 1169 2132 1256 ῥᾴδι’
2155 1165 2201 1252 ήν.

2087 1263 2245 1337 Διόνυσος.

2184 1363 2188 1374 “
2246 1357 2284 1438 νή
2303 1355 2378 1430 τούς
2398 1355 2501 1434 θεούς,
2519 1359 2580 1440 lyei
2598 1365 2677 1441 γούν

1770 1443 1827 1527 ήδή
1846 1443 1916 1510 ποτ’
1937 1450 1972 1511 έν
1989 1453 2098 1528 μακρῷ
2116 1447 2221 1528 χρόνῳ
2242 1449 2354 1522 νυκτός
2374 1449 2583 1533 διήγρύπνήοα

1768 1537 1826 1600 τόν
1844 1538 1964 1614 ξουθὸν
1983 1538 2192 1618 λππαλέκτορα
2212 1545 2322 1620 gnevin,
2342 1544 2389 1615 τές
2407 1543 2492 1604 έστιν
2511 1539 2606 1622 ὄρνις

2085 1629 2246 1710 Λέσχύλος.

1767 1737 1891 1804 σημεῖον
1910 1723 1945 1786 έν
1965 1737 2032 1796 ταῖς
2051 1727 2168 1798 ναυσίν,
2188 1717 2392 1805 ὦμαθέστατ’,
2412 1727 2625 1810 ἐνεγέγραπτο

2082 1814 2239 1890 Διόνυσος.

1726 1953 1727 1958 1
1765 1909 1825 1990 iro)
1845 1912 1878 1973 «ll
1901 1908 1958 1972 niv
1979 1911 2147 1988 Φιλοξένου
2167 1907 2416 1994 γ’ήῗμηνἝρυξιν
2435 1911 2521 1980 alunt.

1727 2005 1866 2063 lrridetur
1881 2003 1939 2063 hoc
1954 2005 2021 2064 loco
2035 2005 2212 2081 Aeschylus.
2232 2011 2312 2084 quod
2327 2011 2498 2086 saepissime
2518 2011 2547 2072 in
2565 2011 2669 2074 tabulis

1650 2097 1752 2173 grandi
1780 2099 1913 2156 oratione
1941 2099 2095 2176 descripsit
2122 2098 2200 2159 bella
2226 2110 2257 2160 et
2284 2119 2398 2178 pugnas
2426 2111 2456 2162 et
2480 2121 2558 2164 noua
2583 2105 2668 2167 tinxit

1649 2189 1747 2250 verba
1787 2189 1921 2250 Eandem
1943 2189 2115 2252 bellicosam
2143 2201 2176 2252 ut
2203 2194 2243 2252 ita
2269 2195 2366 2254 dicam
2390 2193 2532 2272 Aeschyli
2557 2201 2668 2275 magni·

1648 2281 1826 2360 loquentiam
1853 2284 2135 2362 audacissimamque
2163 2286 2321 2347 verborum
2347 2289 2592 2366 compositionem
2618 2311 2668 2352 co-

1648 2377 1740 2436 micus
1766 2379 1861 2453 tangit
1890 2377 1987 2438 verbis
2016 2397 2042 2437 v.
2070 2393 2129 2455 929
2156 2374 2269 2462 ῥήμαθ’
2294 2377 2492 2464 ἱππόκρημνα
2511 2392 2543 2444 et
2562 2405 2589 2444 v.
2607 2401 2665 2463 932

1647 2466 1863 2548 λππαλέκτονρ.

1723 2560 1826 2621 Verba
1845 2572 1945 2622 autem
1966 2567 2142 2642 composita,
2170 2583 2295 2641 quorum
2321 2567 2411 2628 altem
2435 2587 2503 2646 pars
2525 2570 2576 2631 luit
2594 2594 2664 2652 κρή-

1644 2649 1722 2732 μνός
1737 2650 1785 2730 (ό),
1802 2673 1877 2732 quae
1897 2674 1959 2716 vox
1975 2655 2121 2734 significat
2136 2657 2232 2718 locum
2249 2661 2445 2740 pmecipitsm‚
2465 2674 2664 2743 praeruptum,
2797 2735 2798 2738 Ἴ

1645 2747 1768 2806 arduum
1787 2750 1934 2810 amavisse
1954 2751 2068 2812 uidetur
2081 2753 2259 2830 Aeschylus.
2292 2754 2407 2816 Eodem
2423 2759 2501 2816 enim
2518 2759 2556 2818 de
2572 2760 2664 2819 verbo

1645 2836 1721 2898 alter
1747 2857 1865 2916 quoque
1888 2840 2098 2919 Atistophanls
2124 2847 2186 2921 agit
2209 2845 2304 2916 locus,
2334 2848 2382 2922 qui
2411 2856 2456 2907 est
2480 2847 2609 2908 Nubium
2634 2869 2662 2912 ν.
2777 2937 2780 2942 ¹

1650 2932 1723 3006 1364
1742 2949 1790 3008 ss„
1810 2933 1860 2993 ubi
1880 2931 2067 3012 Strepsiades
2087 2938 2127 2998 de
2147 2937 2321 3016 l’hidippide
2340 2938 2400 3000 fillo
2420 2939 2494 3000 haec
2514 2951 2623 3002 narem:

1722 3021 1828 3088 insuto
1847 3021 1881 3086 ‹l'
1903 3023 2035 3091 έκέλευο’
2057 3025 2159 3092 αὐτόν
2177 3027 2255 3092 tut
2275 3033 2424 3112 μυρρένιγι·
2443 3030 2579 3108 λαβόντα

1721 3119 1787 3179 τῶν
1806 3116 1964 3198 Αλσχύλου
1983 3121 2065 3198 λέξαι
2084 3123 2114 3185 τέ
2133 3139 2194 3202 μοι·
2213 3115 2285 3186 κᾶθ’
2296 3115 2389 3198 αὐτος
2407 3119 2504 3199 τύθύς
2523 3121 2616 3198 εέπεν,

1721 3207 1792 3288 (iro)
1811 3210 1870 3289 γὰρ
1889 3209 2045 3290 Αλοχύλον
2065 3218 2180 3294 νομλζω
2197 3219 2326 3292 πρῶτον
2345 3219 2381 3279 έν
2398 3219 2549 3296 ποιρταές)

1720 3299 1827 3378 ψόφου
1845 3305 1965 3380 πλέων,
1985 3300 2171 3382 όξύστατον,
2191 3303 2365 3386 στόμφακα,
2397 3305 2659 3390 πρημνοζποιόν.

1720 3393 1788 3454 Duo
1807 3395 1903 3458 adhuc
1919 3399 1973 3460 loci
1994 3410 2061 3461 sunt
2081 3402 2197 3474 seruati,
2217 3401 2322 3479 quibus
2336 3399 2505 3480 Aeschylus
2525 3413 2571 3465 est
2591 3423 2658 3464 usus

1642 3487 1788 3548 adiectivo
1812 3485 2032 3570 ’ὐρέκρήμνος,
2063 3495 2091 3553 in
2123 3494 2183 3555 alto
2213 3495 2386 3572 praecipitio
2412 3497 2484 3556 situs
2512 3497 2573 3556 sive
2599 3497 2658 3558 alte

1642 3573 1791 3653 pendens‚'
1814 3580 1863 3640 ubl
1880 3581 1950 3642 illud
1972 3586 2089 3646 minime
2110 3588 2206 3664 inepte
2227 3587 2326 3646 tribuit
2342 3587 2470 3646 urbibuss
2492 3587 2583 3656 Prom,
2598 3616 2652 3673 421

1642 3669 1686 3728 cd.
1707 3669 1820 3731 Herm:
