5710 4266
579 342 770 386 “¹2-

431 477 494 542 ritt'
517 475 611 552 ὅπως,
630 471 657 539 ni
676 475 819 557 γεννάδα,

349 574 391 656 μὴ
411 572 490 654 πρὸς
510 570 604 654 ὀργὴν
623 567 795 645 ἀντιλέξεις,

351 663 430 730 ἀλλὰ
449 667 604 738 συστείλας
623 660 742 744 ἄκροισι

185 775 247 822 roco
429 757 589 838 χρώμενος
608 769 675 830 τοῖς
693 757 801 828 ίστίοις

353 847 421 914 aisn
438 853 557 930 μᾶλλον
575 853 693 928 μᾶλλον
712 843 793 923 rigere

428 945 479 1006 sci
499 938 649 1020 φυλάξεις,

354 1029 429 1116 ίρνίιί
451 1031 491 1096 riv
509 1031 547 1096 τί
567 1033 687 1112 πνεῦμα
706 1036 791 1094 λείου

428 1128 479 1187 stul
499 1123 690 1204 καθεστηκὸς
708 1120 808 1200 tritine.

245 1219 355 1280 Versus
381 1233 438 1296 992
466 1225 511 1277 est
536 1215 676 1292 Aeschyli
701 1215 922 1292 Myrmidonum
950 1215 1070 1276 initium.
1112 1214 1181 1291 Quo

175 1309 283 1372 laudato
312 1321 412 1372 tamen
439 1328 524 1371 versu
552 1308 720 1384 Aeschylus
747 1325 806 1367 non
834 1307 982 1376 irridetur,
1013 1307 1067 1366 sed
1094 1305 1180 1364 laude

176 1403 294 1475 effertur,
317 1422 385 1464 cum
405 1401 528 1464 Achillis
553 1399 713 1478 appelletur
736 1401 857 1460 nomine
883 1409 1033 1474 tamquam
1060 1397 1180 1459 intrav.

173 1509 224 1570 997
242 1497 334 1556 verbo
351 1487 390 1556 ‘oi
409 1489 556 1574 resvelde?
597 1493 732 1553 Morietur
751 1501 851 1552 autem
871 1491 1049 1566 Aeschylus,
1069 1510 1106 1550 ne
1125 1492 1177 1549 im·
1235 1515 1241 1526 ·

173 1597 237 1662 pctu
255 1589 394 1664 abreptus
414 1585 522 1646 teratur
536 1593 621 1646 extra
636 1584 725 1644 oleas.
755 1583 821 1644 Huc
836 1583 929 1643 altera
943 1583 1057 1642 accedit
1072 1583 1178 1658 imago,

172 1699 225 1757 qua
242 1679 380 1755 Aeschyli
400 1679 547 1738 transadia
570 1680 668 1736 denuo
687 1684 874 1752 comparatur
901 1693 968 1734 cum
992 1683 1178 1752 tempestate,

172 1772 198 1832 in
216 1791 271 1850 qua
289 1773 447 1832 contractis
466 1771 538 1830 velis
559 1788 664 1830 navem
685 1769 841 1845 gubernari
860 1775 986 1846 oportet

240 1865 375 1940 Denique
401 1882 428 1922 ν.
460 1877 533 1922 roso
561 1864 692 1922 Bacchus
720 1863 891 1923 adhortatur
918 1861 1101 1936 Aeschylum
1132 1861 1178 1920 his

171 1957 275 2017 verbis:
576 1981 578 1988 ¹
711 2011 716 2024 ,

240 2045 381 2128 Αἰσχύλε,
401 2049 495 2124 λέξον,
513 2043 582 2128 μηδ’
603 2043 750 2118 αὐθαδῶς
768 2043 991 2126 σεμνυνόμενος
1003 2045 1173 2124 χολίιιοισε.

169 2143 233 2224 Quo
252 2145 319 2206 loco
340 2142 433 2220 tribus¹
452 2141 548 2202 verbis
568 2139 757 2218 gravissimis:
783 2136 931 2211 αὐθαδῶς
950 2135 1173 2219 σεμνυνόμενος

165 2239 318 2316 χαλέπαινε
337 2238 466 2298 comicus
479 2235 621 2313 Aeschyli
641 2236 734 2314 pingit
749 2235 934 2297 atrocitatem
953 2244 984 2296 et
999 2233 1174 2312 superbiam.

240 2332 352 2394 Verum
377 2331 457 2408 pium
486 2349 604 2406 quoque
632 2338 662 2390 et
688 2329 854 2405 religiosum
875 2329 1018 2404 Aeschyli
1045 2328 1174 2393 animum

167 2425 300 2486 describit
320 2424 465 2492 comicus,
485 2441 550 2481 nam
571 2422 754 2498 Aeschylum
774 2422 860 2482 deam
884 2423 1007 2498 patriam
1031 2422 1073 2480 sic
1092 2419 1174 2494 fingit

166 2527 329 2594 precantem
350 2535 377 2576 v.
396 2516 455 2576 886
474 2535 509 2574 s:

275 2607 414 2692 Δήμητερ
434 2605 453 2690 ἡ
474 2607 615 2687 θρίροσο
633 2606 691 2688 τὴν
710 2605 786 2688 ipris
804 2605 908 2684 φρένα,

276 2699 356 2767 siunt
374 2723 411 2784 με
431 2705 496 2765 τῶν
515 2705 578 2764 σῶν
597 2695 685 2776 ἄξιον
702 2701 884 2780 μυστηρίων.

236 2795 344 2874 Aqua
365 2793 503 2871 Aeschyli
523 2795 633 2872 pietate
651 2811 740 2871 quarn
761 2793 890 2854 maxime
912 2793 1058 2868 discrepat
1081 2789 1172 2868 frigus

163 2889 315 2966 Euripidis,
335 2889 384 2966 qui
404 2907 500 2949 novos
519 2889 592 2948 deos
611 2887 666 2948 sibl
687 2885 771 2962 fingit
789 2885 877 2957 Abra,
897 2885 1042 2956 Aethera,
1061 2883 1172 2956 Nubes,

162 2979 195 3042 cf.
216 2981 269 3042 Ar.
289 2981 368 3044 Nub.
390 2983 448 3055 264
467 2999 490 3042 a.

235 3073 400 3136 Scholiasta
426 3075 465 3134 ad
493 3073 570 3134 hunc
596 3090 684 3149 quern
711 3071 802 3132 nrodo
825 3071 974 3132 attulimus
1000 3071 1097 3130 locum
1121 3069 1171 3129 ad·

162 3167 282 3229 notauit:
302 3166 368 3230 ἔστι
387 3167 421 3230 di
440 3171 535 3231 τοῦτο
555 3164 593 3229 τι)
608 3164 682 3238 ἔτος
692 3161 853 3245 Αίσχιίλσυ,
873 3183 948 3243 quae
964 3174 1061 3225 tamen
1081 3162 1172 3222 verba

160 3278 178 3320 a
196 3269 336 3338 quattuor
356 3261 461 3322 absunt
483 3259 562 3321 libris
589 3261 708 3338 optimis
727 3267 757 3320 et
776 3279 793 3318 n
812 3258 970 3319 Welclrero
989 3258 1007 3318 i.
1027 3257 1045 3317 1.
1065 3275 1092 3334 p
1117 3257 1166 3316 161

159 3372 211 3430 pro
230 3353 399 3414 coniectura
418 3353 560 3414 habenhrr
577 3351 730 3431 superflua
769 3351 944 3412 Erltrschius
960 3359 1058 3411 autem
1077 3351 1171 3426 sequi·

159 3453 203 3505 tur
217 3445 410 3508 scholiastam
425 3455 456 3506 et
468 3453 568 3506 censet
583 3444 674 3506 hosce
688 3463 789 3506 versus
805 3445 918 3505 initium
934 3443 1021 3524 hulme
1031 3443 1170 3519 Aeschyli

160 3534 273 3600 tabulae
293 3557 373 3616 qttae
399 3537 607 3598 inscribebatur
626 3533 810 3600 Ἐλευσίνιοι.
849 3537 938 3616 Quod
963 3539 1081 3613 quidem
1105 3553 1171 3596 esse

158 3639 254 3708 potest
264 3649 364 3710 neque
378 3631 684 3693 tamendemonstrsri.
704 3628 806 3692 Simile
825 3629 965 3708 quiddam
980 3629 1104 3709 praebet
1111 3629 1169 3689 Ra·

634 3923 643 3992 ἰ

638 4009 642 4022 0

2050 323 2241 381 ·.·¹3··

1510 529 1513 536 .
1638 476 1739 517 narum
1767 477 1854 534 quem
1882 477 1970 535 supra
1998 460 2080 518 attuli
2109 477 2137 520 v.
2156 473 2227 533 992:
2250 455 2322 518 τιίιίι
2342 461 2399 534 pir·
2422 457 2556 530 λιίιισιις
2581 467 2654 528 κτλ..

1636 550 1742 626 quibus
1755 569 1772 609 a
1789 551 1885 610 verbis
1897 551 2039 626 Aeschyli
2054 551 2256 626 Myrmidones
2272 551 2383 609 initium
2397 555 2510 628 cepisse
2529 563 2652 613 constat.

1637 642 1748 703 Verum
1775 645 1862 702 etiam
1890 646 2001 702 omissa
2021 644 2067 702 illa
2092 643 2266 704 scholiastae
2292 643 2481 704 adnotatione
2505 647 2652 706 sollemnis

1635 735 1777 811 Aeschyli
1797 737 1926 813 precatio
1946 737 2016 796 satis
2037 745 2136 814 potest
2155 737 2303 813 explicari,
2323 755 2389 796 cum
2410 739 2547 796 oriundus
2568 738 2650 798 tuerit

1634 830 1803 907 Aeschylus
1831 851 1870 891 ex
1897 831 2044 893 Eleusinio
2075 851 2154 909 pago
2181 841 2210 892 ct
2246 833 2309 910 ipse
2344 833 2470 894 initiatus
2500 833 2651 894 Eleusiniis

1634 925 1789 998 mysteriis.

1709 1015 1786 1074 Tum
1808 1015 1899 1073 tribus
1925 1015 1997 1074 locis
2021 1017 2150 1074 comicus
2174 1018 2212 1075 de
2232 1015 2386 1091 Aeschylo
2410 1015 2520 1094 proiert
2549 1019 2650 1077 iudicia

1633 1115 1733 1182 aperta
1752 1115 1783 1166 et
1804 1108 1888 1164 nuda.
1929 1106 2061 1183 Quorum
2090 1108 2216 1182 primum
2237 1107 2341 1166 liueclri
2367 1109 2464 1167 uerbis
2488 1109 2652 1168 continetur

1635 1197 1680 1256 his
1700 1215 1727 1256 v.
1751 1213 1955 1272 retr-1413:

1747 1284 1859 1366 r'iudpse
1878 1289 1972 1364 piiss,
1991 1283 2077 1368 κάγώ
2095 1289 2153 1366 μὲι·
2172 1285 2287 1359 adroic
2307 1286 2345 1350 ori
2365 1293 2470 1366 sperui,

1747 1375 1785 1442 ori
1806 1378 1863 1459 γὰρ
1884 1375 1923 1440 ds’
1944 1379 2059 1458 ἔχθρας
2079 1376 2234 1458 οὐδετέρῳ
2252 1379 2426 1460 γενήσομαι.

1747 1471 1804 1533 τὸν
1822 1473 1878 1550 pis·
1897 1469 1955 1551 γάρ
1976 1470 2104 1553 ἡγοῦμαι
2125 1469 2235 1548 σορόν,
2254 1475 2301 1552 τῷ
2321 1469 2349 1532 d’
2371 1467 2489 1552 ίξόομιιι.

1580 1553 1583 1562 ’
1706 1564 1877 1640 Euripidem
1905 1565 1992 1640 igitur
2024 1585 2128 1640 sapere
2161 1566 2292 1625 liacchus
2328 1567 2449 1636 iudicat,
2485 1566 2646 1626 delectatur

1630 1655 1788 1731 Aeschylo.
1828 1655 1902 1715 Cum
1930 1675 2001 1715 vero
2027 1657 2098 1716 alias
2126 1659 2254 1716 comicus
2278 1677 2343 1717 eam
2365 1659 2511 1734 Euripidis
2530 1661 2644 1734 sapien·

1629 1749 1698 1806 tiam
1720 1749 1838 1807 minime
1858 1747 1963 1818 laudet,
1983 1747 2164 1824 Aeschylum
2185 1751 2283 1826 potius
2302 1768 2391 1824 quam
2408 1750 2577 1827 Euripidem
2598 1751 2644 1810 hic

1628 1841 1786 1916 praedicari
1807 1851 1936 1918 apparet.

1619 1943 1624 1952 ·
1706 1933 1773 1991 Non
1794 1943 1839 1992 est
1859 1934 2084 2008 praetereundus
2104 1935 2150 1994 lrie
2173 1931 2213 1995 ¹de
2231 1939 2374 2012 scriptura
2398 1936 2458 1995 eius
2486 1919 2548 1996 loei'
2564 1956 2642 1996 scru-

1628 2024 1720 2100 pulus
1760 2023 1926 2084 Secundum
1948 2025 2108 2100 Seagerum
2133 2027 2210 2085 enim
2235 2027 2366 2086 scribitur
2387 2046 2413 2086 ν.
2437 2043 2503 2100 ιςιι
2533 2023 2643 2104 ι’ίι·ὸριι

1627 2135 1681 2195 pro
1698 2110 1817 2194 ἄνδρες,
1838 2128 1869 2176 ut
1889 2121 1926 2178 sit
1941 2119 2167 2194 intellegendum
2184 2117 2249 2178 ‘viri
2270 2119 2351 2196 (mihi
2367 2123 2444 2192 sunt)
2462 2121 2527 2189 cari,
2548 2121 2642 2198 noque

1630 2214 1675 2284 (ea
1694 2213 1732 2269 de
1753 2213 1794 2279 rei
1816 2229 1868 2270 eos
1889 2212 2022 2270 iudicabo
2043 2213 2058 2270 i.
2079 2233 2101 2272 e
2123 2214 2203 2288 quod
2224 2213 2275 2271 viri
2301 2214 2369 2272 mihi
2398 2224 2464 2272 sunt
2492 2216 2561 2284 cari,
2587 2234 2640 2274 eos

1625 2323 1684 2364 non
1705 2304 1848 2366 iudicabo.
1876 2303 1960 2384 Quae
1979 2308 2130 2378 sententia,
2150 2306 2242 2384 qualis
2263 2326 2339 2366 nunc
2360 2306 2455 2377 lemur,
2476 2327 2523 2367 me
2544 2307 2639 2367 iudice

1559 2433 1562 2439 ·
1625 2398 1737 2457 duabus
1757 2400 1795 2457 de
1815 2403 1909 2459 causis
1930 2401 2055 2476 languet

1703 2491 1829 2550 Primum
1855 2494 1945 2562 enim,
1973 2513 2039 2553 cum
2059 2494 2181 2554 verbum
2202 2495 2341 2554 auxiliare
2361 2493 2444 2564 desit,
2465 2495 2542 2554 haud
2563 2497 2638 2555 bene

1625 2583 1740 2640 dativus
1756 2580 1848 2661 ’ἐμοί’
1869 2585 2019 2645 omittitur.
2707 2665 2709 2670 Ι

1700 2675 1774 2734 Tum
1795 2695 1866 2736 vero
1887 2677 1982 2737 verbis
2003 2671 2112 2755 ίίνόρες
2134 2680 2218 2753 ςίλοι
2239 2681 2376 2755 -quod
2397 2679 2488 2738 modo
2513 2679 2636 2739 uidimus

1624 2799 1662 2810 -
1682 2771 1848 2829 continetur
1867 2789 1967 2844 causa,
1994 2791 2045 2831 eur
2070 2773 2201 2832 llacchus
2221 2775 2259 2832 de
2283 2775 2379 2850 poetis
2407 2772 2477 2833 nolit
2503 2775 2635 2834 iudicare.

1623 2857 1684 2920 Sed
1711 2879 1746 2919 sa
1772 2879 1858 2922 causa
1884 2863 1957 2924 inira
1982 2883 2100 2943 quoque
2127 2885 2155 2927 v.
2183 2881 2255 2939 1412
2276 2885 2298 2925 s.
2318 2865 2416 2926 serbis
2435 2861 2474 2926 ni·
2493 2865 2551 2944 γὰρ
2569 2871 2634 2928 κτλ.

1623 2951 1751 3012 affertur.
1792 2954 1883 3031 Ergo,
1902 2957 1926 3016 si
1946 2949 2059 3036 ίίνσρις
2077 2958 2219 3030 scribitur,
2245 2957 2334 3018 altera
2352 2959 2567 3036 argumentatio
2586 2979 2634 3018 an·

1622 3045 1730 3105 tecedit
1757 3047 1855 3108 verbis
1880 3044 1919 3111 ori
1945 3055 2056 3128 κρινῶ,
2083 3052 2175 3113 altera
2201 3054 2347 3128 sequitur,
2379 3053 2459 3128 quod
2488 3051 2539 3112 vix
2567 3051 2632 3112 ierri
2740 3121 2741 3125 ς

1621 3145 1728 3214 potest

1698 3230 1972 3296 commendaverim
1992 3235 2078 3313 igitur
2097 3241 2268 3316 scripturam
2285 3233 2396 3313 eisdpsc
2414 3239 2508 3312 ςίλοι,
2527 3236 2632 3314 quibus

1621 3324 1718 3384 verbis
1743 3327 1925 3404 appellantur
1948 3349 1966 3389 a
1990 3331 2107 3391 llaccho
2133 3331 2228 3402 interi,
2255 3332 2303 3408 qui
2335 3331 2442 3390 adsum
2469 3331 2574 3392 iudicio
2601 3338 2630 3390 et

1620 3433 1646 3475 v.
1668 3419 1721 3477 811
1742 3421 2003 3482 commiserunt-
2017 3423 2190 3503 ἐπίτριψον
2204 3455 2243 3469 -
2255 3423 2488 3484 diiudicationenr
2505 3423 2630 3482 llaocho.

1620 3507 1709 3586 Quod
1729 3511 1755 3570 si
1773 3512 1925 3590 probatur,
1944 3516 1992 3575 hic
2012 3535 2112 3577 versus
2131 3520 2174 3577 sic
2194 3517 2253 3577 iere
2272 3525 2318 3576 est
2337 3516 2549 3592 explanandusr
2576 3515 2627 3574 viri

1618 3602 1765 3674 carissimi,
1784 3606 1955 3682 permisistis
1974 3627 2092 3671 eausam
2115 3611 2236 3671 arbitrio
2256 3629 2331 3670 meo.
2371 3609 2482 3670 Verum
2508 3627 2546 3669 ne
2568 3625 2627 3685 ego
