5710 4266
263 552 406 614 Attamen
436 556 464 616 in
491 555 553 618 aliis
581 557 666 618 rebus
694 567 758 620 erat
785 561 917 624 diuersus
943 564 1016 625 alter
1043 577 1134 644 poeta
1156 570 1196 630 ab

191 645 285 716 altero.
305 663 372 705 narn
393 679 432 692 -
451 651 565 709 omissis
585 669 699 711 morum
724 655 956 716 dissimilitudine
978 658 1101 736 aliisque
1121 661 1193 722 eius·

192 739 265 798 modi
286 740 372 801 rebus
391 774 430 786 -
449 742 617 819 Aeschylus
636 745 736 806 incitat
759 749 796 807 ad
818 747 938 822 bellurn,
965 769 1068 828 pacem
1092 757 1196 815 suadet

190 829 406 910 Aristophanes
446 835 547 911 ltaque
566 837 802 900 verisimillimum
823 850 876 913 est,
898 842 1023 905 futurum
1045 846 1142 918 luisse,
1164 857 1194 909 ut

188 925 358 1003 Aeschylus,
379 929 402 987 si
419 929 529 990 eisdem
546 929 649 1007 quibus
665 931 877 1012 Aristophanes
895 937 995 1000 luisset
1011 941 1193 1018 temporibus

187 1017 282 1096 δρᾶμα
295 1017 423 1102 ποιήσας
440 1015 549 1100 Ἄρεως
570 1023 690 1102 μεστόν.
701 1071 731 1097 ..,
747 1026 782 1087 ci.
800 1030 873 1088 Ran.
894 1045 982 1103 1021,
1000 1033 1039 1092 ab
1059 1034 1116 1095 hoc
1134 1054 1206 1116 non.

187 1111 275 1171 minus
295 1113 481 1176 inclementer
504 1117 600 1177 irrisus
628 1128 706 1179 esset
729 1138 816 1196 quam
837 1121 1014 1196 Lamachus,
1036 1129 1118 1204 pacis
1141 1129 1192 1188 ad·

184 1207 330 1276 versarius,
350 1207 378 1267 in
399 1207 637 1272 Acharnensibus
657 1222 686 1272 et
707 1212 796 1286 Pace,
815 1234 904 1292 quem
926 1228 1072 1280 mortuum
1093 1220 1191 1281 laudat
1283 1232 1287 1240 ’

184 1297 393 1460 ἓιίειοκριιιιιοε
413 1311 445 1360 ut
465 1303 557 1363 vinam
581 1302 686 1365 iortem
711 1309 879 1384 patriaeque
903 1321 1050 1372 amantem
1071 1313 1190 1373 Thesm.

112 1450 115 1457 ,
222 1404 243 1448 ι.
290 1409 336 1450 an.
362 1405 441 1467 1039

254 1481 329 1543 ltem
352 1494 451 1545 autem
482 1495 569 1563 atque
596 1488 734 1551 Lamachi
759 1490 900 1569 Aeschyli
931 1513 1048 1572 quoque
1076 1496 1190 1558 animus
1220 1489 1222 1494 ’

169 1573 335 1636 bellicosus
355 1577 404 1636 illo
425 1587 557 1655 tempore
581 1582 758 1657 periculosus
782 1605 847 1644 esse
872 1587 968 1658 desiit,
996 1607 1063 1648 cum
1091 1591 1189 1666 poesis

182 1665 356 1744 Aeschylea,
378 1679 534 1746 postquam
555 1671 719 1750 Sophocles
739 1685 768 1735 et
788 1677 943 1754 Euripides
967 1682 1128 1743 docuerunt
1149 1683 1187 1743 ia·

182 1755 267 1830 buln,
287 1760 518 1822 Atheniensibus
538 1766 685 1826 videretur
705 1769 762 1828 iam
783 1789 877 1846 paene
896 1771 1038 1834 obsoleta

254 1851 355 1927 ltaque
375 1854 444 1913 nihil
464 1855 615 1932 impedivit
631 1857 867 1937 Aristophanem,
886 1882 945 1939 quo
966 1867 1060 1925 minus
1076 1866 1187 1926 civibus

180 1943 237 2002 suis
255 1944 440 2022 Aeschylum
460 1951 542 2026 quasi
563 1949 660 2012 lumen
680 1955 791 2029 patriae
810 1957 930 2027 amoris,
954 1959 1065 2018 virtutis
1089 1959 1187 2037 probi·

179 2039 302 2114 tatisque
328 2041 464 2116 antiquae
487 2053 672 2120 proponeret
715 2045 804 2124 Quod
828 2052 980 2123 quomodo
1005 2051 1103 2112 lecerit
1128 2055 1185 2112 iam

181 2129 268 2207 ipsius
289 2133 385 2192 verbis
405 2133 498 2194 allatis
519 2135 676 2198 videamus

252 2222 301 2285 Ae
329 2229 453 2302 pdmum
484 2229 601 2305 quidem
633 2231 760 2292 comicus
787 2243 875 2311 poeta
901 2235 1055 2313 Aeschylo
1082 2238 1186 2299 solium

178 2316 319 2466 {apicum
355 2319 483 2379 tribuens
512 2321 645 2383 Aeacum
680 2325 753 2386 haee
787 2328 955 2402 loquentem
988 2329 1071 2405 fingit
1098 2331 1188 2391 verba

205 2427 249 2468 an.
270 2411 340 2486 769:

290 2503 452 2578 luninech.
474 2523 496 2566 e
518 2505 638 2582 Aesch.)
658 2505 716 2586 εἶχε
736 2509 793 2572 τὸν
812 2513 1005 2590 τραγῳδικόν
1025 2511 1145 2593 θρόνον

289 2591 333 2668 rie
352 2591 398 2658 ὢν
417 2593 579 2674 κράτιστος
599 2598 656 2680 τὴν
675 2601 791 2682 τέχνην.

250 2687 314 2748 Suo
343 2691 403 2750 iure
430 2690 516 2767 igitur
543 2692 707 2769 Aeschylus
733 2696 839 2757 solium
866 2699 1005 2776 possedit,
1032 2699 1187 2778 Euripides

173 2787 271 2840 autem
293 2800 320 2843 u.
342 2784 401 2855 776
414 2781 561 2862 ἐπαρθεὶς
580 2781 766 2861 ἀντελάβετο
782 2789 1027 2867 sanandusque
1044 2793 1186 2853 Xanthias

173 2871 334 2950 interroget
361 2893 388 2936 v.
416 2888 473 2952 777
502 2873 579 2939 noia
604 2875 763 2953 ἐβάλλετο·
789 2899 827 2940 se
856 2883 1008 2960 lapidibus.
1048 2885 1185 2962 Optimus

171 2973 269 3025 autem
283 2967 407 3042 quisque
421 2969 483 3028 sine
491 2969 548 3028 ulla
557 2971 736 3033 dubitatione
745 2973 881 3034 thronum
890 2979 1024 3038 concedit
1032 2977 1185 3055 Aeschylo

171 3073 264 3132 neque
284 3059 439 3136 quisquam
459 3061 512 3121 nisi
532 3064 636 3139 perditi
657 3073 768 3126 tantum
795 3075 826 3130 et
850 3087 973 3146 nequam
994 3070 1127 3132 homines
1146 3104 1185 3116 -

170 3165 196 3209 v.
219 3152 270 3224 781
297 3147 316 3212 rl
338 3155 404 3214 τῶν
422 3150 608 3234 πανούργων
626 3157 740 3238 (δῆμος)
760 3193 798 3206 -
818 3161 1000 3238 Aeschylum
1020 3182 1086 3222 curn
1103 3165 1185 3223 Euri·

170 3241 239 3316 pide
254 3244 296 3304 de
312 3245 382 3304 artis
398 3247 559 3324 principatu
576 3259 685 3311 certare
707 3249 834 3314 elamore
857 3255 973 3316 sublato
993 3255 1080 3319 iubet
1111 3257 1183 3317 lioni

169 3343 267 3397 autem
289 3337 492 3416 improborum
512 3340 758 3422 scelestorumque
777 3349 928 3409 vincuntur
942 3350 1095 3428 suffragiis,
1114 3370 1182 3410 nam

169 3445 195 3487 ν.
214 3429 272 3505 783
294 3425 403 3510 ὀλίγον
423 3431 460 3495 rd
477 3431 610 3515 χρηστόν
628 3437 721 3513 ἐστιν,
740 3431 980 3520 devenientes.

245 3523 319 3584 lnde
345 3521 567 3589 Atheniensium
592 3547 709 3608 quoque
737 3533 824 3611 longe
852 3538 981 3597 maxima
1001 3555 1080 3614 pars,
1108 3556 1183 3616 quae

169 3615 252 3676 adest
266 3618 448 3694 spectaculo,
462 3619 492 3680 in
507 3620 708 3699 improborum
725 3621 847 3688 habetur
860 3648 989 3701 numero,
1005 3631 1084 3706 quod
1101 3630 1183 3690 Euri-

169 3709 266 3786 pidem
280 3707 420 3788 praeiert
439 3711 599 3791 Aeschylo.

2024 413 2196 474 ,9-

1683 553 1797 616 Deinde
1811 555 1964 624 Xanthias,
1978 557 2026 630 qui
2042 555 2155 630 quaerit
2168 573 2208 612 ex
2223 553 2333 620 Aeaco,
2348 552 2492 612 soliumne
2505 553 2618 630 petierit

1606 649 1695 708 etiam
1715 647 1887 724 Sophocles,
1907 649 2121 724 respondentur
2141 647 2212 706 haec
2233 666 2259 706 ν.
2279 651 2335 722 787
2352 667 2402 706 sss

1718 739 1761 822 μα’
1782 736 1828 804 Δί’
1851 737 1908 802 orire
1928 741 2055 814 ἐκεῖνος,
2075 735 2138 802 ἀλλ’
2160 737 2246 802 inrue
2265 741 2322 819 pir·
2343 735 2504 818 Αἰσχύλον,

1720 829 1773 899 ὅτε
1793 836 1832 916 δὴ
1851 837 1995 907 crotilde,
2015 831 2162 909 κάνέβαλε
2185 834 2242 916 τὴν
2261 831 2373 908 δεξιάν,

1718 927 1860 1002 κάκεῖνος
1882 925 2078 1008 ὑπεχώρησεν
2097 925 2183 1008 ruirqi
2205 931 2261 991 roi
2283 926 2412 1006 Apeiros·
2563 941 2621 1003 790

1723 1021 1792 1086 ιϊνὶ
1812 1021 1971 1104 δ’ἷμελλιν,
1991 1021 2034 1094 ὡς
2053 1022 2111 1102 iqry
2133 1024 2340 1102 Κλειδημίδης,

1721 1116 1847 1192 ἔφεδρος
1866 1117 2076 1178 καθεδεῖσθαι·
2096 1111 2156 1175 κᾶν
2174 1117 2231 1193 μὲν
2250 1113 2404 1192 Αἰσχύλος
2423 1117 2530 1192 κρατῇ,

1720 1205 2029 1286 ipsumipsurm·
2050 1207 2076 1270 εἰ
2097 1209 2128 1268 tt
2148 1203 2198 1288 μή,
2217 1209 2287 1285 ,arpi
2309 1210 2364 1288 τῆς
2383 1209 2487 1287 τέχνης

1720 1297 1924 1380 διαγωνιεῖσθ’
1946 1300 2057 1377 ἔφασκε
2078 1295 2156 1377 spele
2176 1299 2199 1378 γ’
2224 1298 2401 1380 Εὐμήδην.

1682 1395 1848 1471 Sophocles
1889 1396 1976 1469 igitur
2024 1395 2214 1452 libentissime
2257 1396 2449 1470 principatum
2485 1395 2619 1452 concedit

1605 1485 1767 1562 Aeschylo,
1796 1487 1926 1563 Euripidi
1947 1487 2083 1562 denegat,
2106 1496 2194 1562 atque
2218 1489 2305 1545 etiam
2331 1489 2474 1546 tertianus
2499 1485 2620 1556 (iuturus

1570 1641 1572 1646 ,
1604 1581 1765 1654 successor)
1794 1579 1854 1639 vult
1874 1581 1991 1650 sedere,
2015 1589 2046 1638 ut
2066 1578 2222 1655 Aeschylo
2248 1588 2385 1656 superato
2409 1581 2471 1656 ipse
2495 1581 2534 1638 de
2557 1587 2620 1636 arte

1604 1678 1715 1730 certare
1750 1667 1843 1747 possit
1874 1690 1942 1730 cum
1970 1669 2117 1747 Euripide.
2166 1670 2256 1748 Quod
2291 1670 2448 1748 Sophoclis
2485 1671 2619 1728 iudicium

1604 1763 1709 1822 summi
1730 1773 1776 1822 est
1801 1765 1954 1834 momenti,
1980 1767 2089 1839 quippe
2112 1783 2183 1840 quo,
2211 1765 2378 1839 priusquam
2402 1772 2541 1838 coeptum
2568 1771 2621 1820 ests

1606 1865 1752 1914 certamen
1766 1855 1944 1914 diiudicetur.
1967 1854 2122 1932 Sophoclis
2137 1855 2272 1914 uidelicet
2285 1856 2390 1914 summi
2404 1855 2505 1930 tragici
2521 1863 2621 1912 aucto·

1606 1949 1721 2007 ritatem
1742 1965 1846 2006 omnes
1866 1947 1948 2023 sequi
1969 1966 2089 2007 necesse
2108 1956 2162 2008 est.

1681 2039 1806 2100 Difficile
1826 2051 1923 2099 autern
1943 2049 1989 2099 est
2008 2059 2108 2100 creare
2128 2041 2199 2099 artis
2219 2042 2357 2110 iudicem,
2381 2059 2447 2099 cum
2469 2059 2505 2100 nc
2525 2038 2620 2098 Athe·

1607 2131 1720 2192 aienses
1735 2133 1864 2208 quidem,
1880 2133 2127 2208 ingeniosissimus
2144 2133 2190 2192 ille
2201 2135 2335 2210 populus,
2351 2131 2505 2208 Aeschylo
2512 2133 2621 2190 iudices

1606 2225 1671 2286 iusti
1691 2225 1748 2285 sint
1767 2225 1829 2296 visi,
1848 2244 1884 2285 ac
1904 2233 2016 2286 tantum
2037 2226 2152 2295 aluerit,
2173 2235 2204 2286 ut
2223 2245 2290 2286 cum
2311 2226 2355 2284 his
2372 2225 2419 2284 illc
2439 2225 2620 2292 consentiret,

1607 2327 1638 2378 ut
1667 2319 1774 2378 multos
1806 2321 1880 2378 inter
1910 2339 1963 2378 eos
1998 2339 2062 2380 esse
2094 2329 2210 2396 putaret
2241 2317 2436 2396 ‘perfossores
2468 2313 2619 2396 parietum’

1607 2429 1634 2468 ν.
1654 2413 1710 2486 807
1731 2431 1770 2470 s:

2024 2501 2149 2574 Αἰακός.

1722 2592 1794 2658 οὔτε
1815 2595 1872 2676 γὰρ
1891 2593 2078 2676 ’.λθήνιιιόισι
2099 2591 2247 2670 συνέβαιν’
2271 2595 2429 2674 Αἰσχύλος.

2024 2693 2171 2763 Srrrrlilrre.

1724 2783 1859 2856 πολλοὺς
1878 2785 1951 2856 ἴσοις
1970 2781 2088 2863 ἐνόμιζε
2111 2783 2183 2856 τούς
2204 2783 2414 2862 εοιχοιρῦχοιν.

1685 2875 1797 2936 Verum
1817 2885 1933 2936 ceteros
1951 2887 2067 2955 praeter
2087 2878 2280 2938 Athenienses
2301 2877 2368 2937 nihil
2393 2879 2445 2935 nisi
2466 2884 2621 2952 nugatores

1609 2987 1672 3029 esse
1688 2967 1715 3027 in
1731 2967 1936 3044 dignoscendis
1944 2979 2096 3046 poetarum
2113 2971 2240 3047 ingeniis,
2255 2979 2362 3037 censet,
2377 2967 2413 3030 ci.
2424 2967 2515 3028 Aeaci
2530 2967 2618 3027 verbs

1609 3078 1636 3122 ν.
1657 3063 1714 3136 809
1733 3079 1769 3118 s.:

1724 3150 1818 3232 λῆρόν
1838 3175 1870 3214 τε
1892 3149 1974 3215 τᾶλλ’
1996 3153 2099 3236 ἡγεῖτο
2120 3157 2177 3214 rui·
2197 3159 2313 3228 γνοῖνιιι
2332 3153 2401 3230 nipe

1724 3243 1828 3319 φύσεις
1846 3251 1993 3327 ποιητῶν.
2381 3313 2387 3330 ,

1685 3337 1786 3413 ltaque
1810 3338 1888 3399 solus
1914 3341 2046 3400 liacchus
2069 3343 2144 3419 ipse,
2168 3359 2299 3400 summus
2318 3340 2387 3399 artis
2408 3338 2555 3398 scaenicae
2574 3355 2616 3394 ar-

1610 3431 1695 3504 biter,
1715 3441 1800 3508 aptus
1816 3435 1916 3493 estad
1935 3435 2159 3495 diiudicandum.
2191 3433 2274 3512 Quae
2291 3432 2369 3493 fictio
2389 3443 2434 3493 est
2450 3432 2618 3497 ielicissima,

1609 3543 1677 3584 nam
1697 3525 1827 3584 Bacchus
1848 3538 2046 3603 repraesentat
2067 3529 2290 3588 Atheniensium
2311 3527 2463 3603 populum,
2486 3525 2535 3599 qui
2560 3522 2617 3581 hoc

1609 3621 1700 3676 modo
1720 3618 1813 3679 multo
1835 3618 1944 3680 facilius
1963 3625 2058 3698 potuit
2078 3623 2187 3681 irrideri
2208 3621 2286 3691 ideo,
2309 3621 2389 3696 quod
2409 3616 2566 3676 admiratus
2586 3623 2616 3674 et

1608 3719 1794 3776 consectatus
1813 3721 1876 3772 erat
1895 3714 2073 3792 Euripidem.
2112 3712 2214 3791 Atque
2240 3714 2327 3772 ctiam
2352 3713 2390 3770 ad
2410 3708 2549 3782 Aeschyli
2576 3707 2615 3765 in·
