<?xml version="1.0" encoding="UTF-8"?>
<!DOCTYPE html PUBLIC "-//W3C//DTD XHTML 1.0 Transitional//EN"
    "http://www.w3.org/TR/xhtml1/DTD/xhtml1-transitional.dtd">
<html xmlns="http://www.w3.org/1999/xhtml" xml:lang="en" lang="en">
 <head>
  <title>
</title>
<meta http-equiv="Content-Type" content="text/html;charset=utf-8" />
  <meta name='ocr-system' content='tesseract 3.04.00' />
  <meta name='ocr-capabilities' content='ocr_page ocr_carea ocr_par ocr_line ocrx_word'/>
</head>
<body>
  <div class='ocr_page' id='page_1' title='image "aristophanisdea00henngoog_0024.png"; bbox 0 0 5710 4266; ppageno 0'>
   <div class='ocr_carea' id='block_1_1' title="bbox 263 1172 1269 1506">
    <p class='ocr_par' dir='ltr' id='par_1_1' title="bbox 263 1172 1269 1506">
     <span class='ocr_line' id='line_1_1' title="bbox 746 1172 786 1242; baseline 0 0"><span class='ocrx_word' id='word_1_1' title='bbox 746 1172 786 1242; x_wconf 84' lang='grc' dir='ltr'><strong>Α.</strong></span> 
     </span>
     <span class='ocr_line' id='line_1_2' title="bbox 263 1283 1269 1380; baseline -0.004 -17"><span class='ocrx_word' id='word_1_2' title='bbox 263 1289 330 1364; x_wconf 88' lang='lat' dir='ltr'><strong>De</strong></span> <span class='ocrx_word' id='word_1_3' title='bbox 341 1287 652 1380; x_wconf 79' lang='lat' dir='ltr'><strong>Aristophane</strong></span> <span class='ocrx_word' id='word_1_4' title='bbox 667 1302 957 1362; x_wconf 93' lang='lat' dir='ltr'><strong>summorum</strong></span> <span class='ocrx_word' id='word_1_5' title='bbox 975 1283 1140 1360; x_wconf 88' lang='lat' dir='ltr'><strong>aetatis</strong></span> <span class='ocrx_word' id='word_1_6' title='bbox 1158 1300 1269 1360; x_wconf 88' lang='lat' dir='ltr'><strong>suae</strong></span> 
     </span>
     <span class='ocr_line' id='line_1_3' title="bbox 524 1407 1000 1506; baseline -0.008 -20"><span class='ocrx_word' id='word_1_7' title='bbox 524 1411 808 1506; x_wconf 80' lang='lat' dir='ltr'><strong>tragicorum</strong></span> <span class='ocrx_word' id='word_1_8' title='bbox 833 1407 1000 1483; x_wconf 89' lang='lat' dir='ltr'><strong>iudice.</strong></span> 
     </span>
    </p>
   </div>
   <div class='ocr_carea' id='block_1_2' title="bbox 339 1592 1268 1674">
    <p class='ocr_par' dir='ltr' id='par_1_2' title="bbox 339 1592 1268 1674">
     <span class='ocr_line' id='line_1_4' title="bbox 339 1592 1268 1674; baseline -0.009 -17"><span class='ocrx_word' id='word_1_9' title='bbox 339 1599 508 1674; x_wconf 78' lang='lat' dir='ltr'><strong>Priusquam</strong></span> <span class='ocrx_word' id='word_1_10' title='bbox 535 1597 648 1672; x_wconf 87' lang='lat' dir='ltr'><strong>singula</strong></span> <span class='ocrx_word' id='word_1_11' title='bbox 675 1595 883 1670; x_wconf 77' lang='lat' dir='ltr'><strong>Aristophanis</strong></span> <span class='ocrx_word' id='word_1_12' title='bbox 911 1595 949 1652; x_wconf 90' lang='lat' dir='ltr'><strong>de</strong></span> <span class='ocrx_word' id='word_1_13' title='bbox 979 1592 1133 1666; x_wconf 77' lang='lat' dir='ltr'><strong>Aeschylo</strong></span> <span class='ocrx_word' id='word_1_14' title='bbox 1163 1593 1268 1650; x_wconf 90' lang='lat' dir='ltr'><strong>iudicia</strong></span> 
     </span>
    </p>
   </div>
   <div class='ocr_carea' id='block_1_3' title="bbox 261 1687 1382 1768">
    <p class='ocr_par' dir='ltr' id='par_1_3' title="bbox 261 1687 1382 1768">
     <span class='ocr_line' id='line_1_5' title="bbox 261 1687 1382 1768; baseline -0.008 -17"><span class='ocrx_word' id='word_1_15' title='bbox 261 1709 425 1768; x_wconf 89' lang='lat' dir='ltr'><strong>compono,</strong></span> <span class='ocrx_word' id='word_1_16' title='bbox 452 1690 653 1751; x_wconf 88' lang='lat' dir='ltr'><strong>disserendum</strong></span> <span class='ocrx_word' id='word_1_17' title='bbox 680 1688 734 1748; x_wconf 90' lang='lat' dir='ltr'><strong>erit</strong></span> <span class='ocrx_word' id='word_1_18' title='bbox 761 1687 880 1747; x_wconf 89' lang='lat' dir='ltr'><strong>omnino</strong></span> <span class='ocrx_word' id='word_1_19' title='bbox 907 1687 945 1745; x_wconf 90' lang='lat' dir='ltr'><strong>de</strong></span> <span class='ocrx_word' id='word_1_20' title='bbox 972 1687 1033 1746; x_wconf 90' lang='lat' dir='ltr'><strong>eius</strong></span> <span class='ocrx_word' id='word_1_21' title='bbox 1052 1703 1172 1744; x_wconf 84' lang='lat' dir='ltr'><strong>censura</strong></span> <span class='ocrx_word' id='word_1_22' title='bbox 1191 1703 1270 1743; x_wconf 91' lang='lat' dir='ltr'><strong>sum·</strong></span> <span class='ocrx_word' id='word_1_23' title='bbox 1380 1699 1382 1706; x_wconf 91' lang='lat'>·</span> 
     </span>
    </p>
   </div>
   <div class='ocr_carea' id='block_1_4' title="bbox 259 1779 1273 3070">
    <p class='ocr_par' dir='ltr' id='par_1_4' title="bbox 261 1779 1270 1954">
     <span class='ocr_line' id='line_1_6' title="bbox 262 1779 1270 1856; baseline -0.007 -13"><span class='ocrx_word' id='word_1_24' title='bbox 262 1802 377 1843; x_wconf 92' lang='lat' dir='ltr'><strong>morum</strong></span> <span class='ocrx_word' id='word_1_25' title='bbox 397 1787 501 1844; x_wconf 86' lang='lat' dir='ltr'><strong>aetatis</strong></span> <span class='ocrx_word' id='word_1_26' title='bbox 521 1801 592 1842; x_wconf 89' lang='lat' dir='ltr'><strong>suae</strong></span> <span class='ocrx_word' id='word_1_27' title='bbox 611 1781 795 1856; x_wconf 87' lang='lat' dir='ltr'><strong>tragicorum,</strong></span> <span class='ocrx_word' id='word_1_28' title='bbox 815 1783 854 1840; x_wconf 91' lang='lat' dir='ltr'><strong>de</strong></span> <span class='ocrx_word' id='word_1_29' title='bbox 873 1798 931 1855; x_wconf 89' lang='lat' dir='ltr'><strong>qua</strong></span> <span class='ocrx_word' id='word_1_30' title='bbox 950 1779 1146 1839; x_wconf 84' lang='lat' dir='ltr'><strong>diversissime</strong></span> <span class='ocrx_word' id='word_1_31' title='bbox 1165 1787 1210 1837; x_wconf 90' lang='lat' dir='ltr'><strong>est</strong></span> <span class='ocrx_word' id='word_1_32' title='bbox 1231 1779 1270 1836; x_wconf 90' lang='lat' dir='ltr'><strong>iu·</strong></span> 
     </span>
     <span class='ocr_line' id='line_1_7' title="bbox 261 1873 848 1954; baseline -0.007 -19"><span class='ocrx_word' id='word_1_33' title='bbox 261 1875 388 1936; x_wconf 88' lang='lat' dir='ltr'><strong>dicatum</strong></span> <span class='ocrx_word' id='word_1_34' title='bbox 408 1886 495 1954; x_wconf 90' lang='lat' dir='ltr'><strong>atque</strong></span> <span class='ocrx_word' id='word_1_35' title='bbox 515 1877 680 1937; x_wconf 85' lang='lat' dir='ltr'><strong>etiamnunc</strong></span> <span class='ocrx_word' id='word_1_36' title='bbox 699 1873 848 1934; x_wconf 89' lang='lat' dir='ltr'><strong>iudicatur.</strong></span> 
     </span>
    </p>

    <p class='ocr_par' dir='ltr' id='par_1_5' title="bbox 259 1963 1272 2794">
     <span class='ocr_line' id='line_1_8' title="bbox 338 1963 1272 2046; baseline -0.009 -17"><span class='ocrx_word' id='word_1_37' title='bbox 338 1969 386 2028; x_wconf 90' lang='lat' dir='ltr'><strong>Ac</strong></span> <span class='ocrx_word' id='word_1_38' title='bbox 412 1969 556 2046; x_wconf 87' lang='lat' dir='ltr'><strong>prioribus</strong></span> <span class='ocrx_word' id='word_1_39' title='bbox 581 1969 699 2044; x_wconf 92' lang='lat' dir='ltr'><strong>quidem</strong></span> <span class='ocrx_word' id='word_1_40' title='bbox 724 1966 906 2042; x_wconf 82' lang='lat' dir='ltr'><strong>temporibus</strong></span> <span class='ocrx_word' id='word_1_41' title='bbox 930 1966 1078 2040; x_wconf 86' lang='lat' dir='ltr'><strong>usquead</strong></span> <span class='ocrx_word' id='word_1_42' title='bbox 1099 1966 1178 2040; x_wconf 86' lang='lat' dir='ltr'><strong>Aug.</strong></span> <span class='ocrx_word' id='word_1_43' title='bbox 1198 1963 1272 2023; x_wconf 88' lang='lat' dir='ltr'><strong>Guil.</strong></span> 
     </span>
     <span class='ocr_line' id='line_1_9' title="bbox 260 2059 1271 2142; baseline -0.009 -17"><span class='ocrx_word' id='word_1_44' title='bbox 260 2063 470 2142; x_wconf 88' lang='lat' dir='ltr'><strong>Schlegelium,</strong></span> <span class='ocrx_word' id='word_1_45' title='bbox 489 2063 538 2140; x_wconf 93' lang='lat' dir='ltr'><strong>qui</strong></span> <span class='ocrx_word' id='word_1_46' title='bbox 557 2063 669 2140; x_wconf 89' lang='lat' dir='ltr'><strong>primus</strong></span> <span class='ocrx_word' id='word_1_47' title='bbox 689 2063 762 2120; x_wconf 88' lang='lat' dir='ltr'><strong>inter</strong></span> <span class='ocrx_word' id='word_1_48' title='bbox 782 2060 956 2120; x_wconf 79' lang='lat' dir='ltr'><strong>recentiores</strong></span> <span class='ocrx_word' id='word_1_49' title='bbox 976 2078 1095 2137; x_wconf 90' lang='lat' dir='ltr'><strong>prorsus</strong></span> <span class='ocrx_word' id='word_1_50' title='bbox 1114 2059 1271 2118; x_wconf 84' lang='lat' dir='ltr'><strong>assentitur</strong></span> 
     </span>
     <span class='ocr_line' id='line_1_10' title="bbox 261 2154 1271 2237; baseline -0.006 -19"><span class='ocrx_word' id='word_1_51' title='bbox 261 2158 461 2237; x_wconf 79' lang='lat' dir='ltr'><strong>Aristophani,</strong></span> <span class='ocrx_word' id='word_1_52' title='bbox 479 2157 552 2216; x_wconf 88' lang='lat' dir='ltr'><strong>illius</strong></span> <span class='ocrx_word' id='word_1_53' title='bbox 569 2159 606 2216; x_wconf 92' lang='lat' dir='ltr'><strong>dc</strong></span> <span class='ocrx_word' id='word_1_54' title='bbox 622 2157 738 2232; x_wconf 80' lang='lat' dir='ltr'><strong>tragicis</strong></span> <span class='ocrx_word' id='word_1_55' title='bbox 754 2156 890 2215; x_wconf 91' lang='lat' dir='ltr'><strong>iudicium</strong></span> <span class='ocrx_word' id='word_1_56' title='bbox 907 2154 1071 2231; x_wconf 90' lang='lat' dir='ltr'><strong>neglectum</strong></span> <span class='ocrx_word' id='word_1_57' title='bbox 1087 2163 1117 2214; x_wconf 89' lang='lat' dir='ltr'><strong>et</strong></span> <span class='ocrx_word' id='word_1_58' title='bbox 1132 2155 1271 2214; x_wconf 88' lang='lat' dir='ltr'><strong>reiectum</strong></span> 
     </span>
     <span class='ocr_line' id='line_1_11' title="bbox 261 2245 1271 2328; baseline -0.006 -16"><span class='ocrx_word' id='word_1_59' title='bbox 261 2259 315 2322; x_wconf 81' lang='lat' dir='ltr'><strong>cst,</strong></span> <span class='ocrx_word' id='word_1_60' title='bbox 336 2251 443 2328; x_wconf 87' lang='lat' dir='ltr'><strong>quippe</strong></span> <span class='ocrx_word' id='word_1_61' title='bbox 462 2269 529 2310; x_wconf 93' lang='lat' dir='ltr'><strong>cum</strong></span> <span class='ocrx_word' id='word_1_62' title='bbox 548 2268 651 2311; x_wconf 90' lang='lat' dir='ltr'><strong>omncs</strong></span> <span class='ocrx_word' id='word_1_63' title='bbox 666 2249 717 2308; x_wconf 87' lang='lat' dir='ltr'><strong>viri</strong></span> <span class='ocrx_word' id='word_1_64' title='bbox 733 2249 812 2310; x_wconf 92' lang='lat' dir='ltr'><strong>docti</strong></span> <span class='ocrx_word' id='word_1_65' title='bbox 830 2248 975 2326; x_wconf 79' lang='lat' dir='ltr'><strong>Euripidis</strong></span> <span class='ocrx_word' id='word_1_66' title='bbox 995 2248 1162 2324; x_wconf 86' lang='lat' dir='ltr'><strong>tragoedias</strong></span> <span class='ocrx_word' id='word_1_67' title='bbox 1182 2245 1271 2325; x_wconf 87' lang='lat' dir='ltr'><strong>pluris</strong></span> 
     </span>
     <span class='ocr_line' id='line_1_12' title="bbox 260 2341 1271 2419; baseline -0.006 -13"><span class='ocrx_word' id='word_1_68' title='bbox 260 2345 449 2406; x_wconf 82' lang='lat' dir='ltr'><strong>aestimarent</strong></span> <span class='ocrx_word' id='word_1_69' title='bbox 475 2362 564 2419; x_wconf 91' lang='lat' dir='ltr'><strong>quam</strong></span> <span class='ocrx_word' id='word_1_70' title='bbox 589 2343 730 2417; x_wconf 81' lang='lat' dir='ltr'><strong>Aeschyli</strong></span> <span class='ocrx_word' id='word_1_71' title='bbox 756 2343 876 2418; x_wconf 90' lang='lat' dir='ltr'><strong>poesim.</strong></span> <span class='ocrx_word' id='word_1_72' title='bbox 919 2341 1021 2419; x_wconf 85' lang='lat' dir='ltr'><strong>Nuper</strong></span> <span class='ocrx_word' id='word_1_73' title='bbox 1046 2342 1176 2418; x_wconf 87' lang='lat' dir='ltr'><strong>plerique</strong></span> <span class='ocrx_word' id='word_1_74' title='bbox 1203 2359 1271 2400; x_wconf 90' lang='lat' dir='ltr'><strong>con·</strong></span> 
     </span>
     <span class='ocr_line' id='line_1_13' title="bbox 261 2433 1271 2513; baseline -0.002 -15"><span class='ocrx_word' id='word_1_75' title='bbox 261 2439 377 2498; x_wconf 88' lang='lat' dir='ltr'><strong>trariam</strong></span> <span class='ocrx_word' id='word_1_76' title='bbox 404 2437 575 2498; x_wconf 87' lang='lat' dir='ltr'><strong>senteutiam</strong></span> <span class='ocrx_word' id='word_1_77' title='bbox 600 2435 729 2513; x_wconf 85' lang='lat' dir='ltr'><strong>amplexi</strong></span> <span class='ocrx_word' id='word_1_78' title='bbox 753 2445 819 2495; x_wconf 91' lang='lat' dir='ltr'><strong>sunt</strong></span> <span class='ocrx_word' id='word_1_79' title='bbox 841 2434 926 2495; x_wconf 86' lang='lat' dir='ltr'><strong>veluti</strong></span> <span class='ocrx_word' id='word_1_80' title='bbox 947 2435 1133 2496; x_wconf 89' lang='lat' dir='ltr'><strong>Hermannus</strong></span> <span class='ocrx_word' id='word_1_81' title='bbox 1152 2467 1191 2480; x_wconf 90' lang='lat'>-</span> <span class='ocrx_word' id='word_1_82' title='bbox 1210 2433 1271 2496; x_wconf 89' lang='lat' dir='ltr'><strong>sine</strong></span> 
     </span>
     <span class='ocr_line' id='line_1_14' title="bbox 260 2527 1272 2605; baseline -0.003 -16"><span class='ocrx_word' id='word_1_83' title='bbox 260 2530 352 2590; x_wconf 91' lang='lat' dir='ltr'><strong>dubio</strong></span> <span class='ocrx_word' id='word_1_84' title='bbox 371 2531 473 2590; x_wconf 86' lang='lat' dir='ltr'><strong>bacin</strong></span> <span class='ocrx_word' id='word_1_85' title='bbox 493 2549 524 2589; x_wconf 87' lang='lat' dir='ltr'><strong>re</strong></span> <span class='ocrx_word' id='word_1_86' title='bbox 544 2530 647 2589; x_wconf 87' lang='lat' dir='ltr'><strong>nimius</strong></span> <span class='ocrx_word' id='word_1_87' title='bbox 663 2561 709 2600; x_wconf 90' lang='lat'><strong>-,</strong></span> <span class='ocrx_word' id='word_1_88' title='bbox 724 2529 772 2604; x_wconf 90' lang='lat' dir='ltr'><strong>qui</strong></span> <span class='ocrx_word' id='word_1_89' title='bbox 793 2529 942 2588; x_wconf 84' lang='lat' dir='ltr'><strong>adnotavit</strong></span> <span class='ocrx_word' id='word_1_90' title='bbox 961 2529 999 2586; x_wconf 91' lang='lat' dir='ltr'><strong>ad</strong></span> <span class='ocrx_word' id='word_1_91' title='bbox 1014 2528 1159 2605; x_wconf 88' lang='lat' dir='ltr'><strong>Euripidis</strong></span> <span class='ocrx_word' id='word_1_92' title='bbox 1176 2527 1272 2586; x_wconf 86' lang='lat' dir='ltr'><strong>Hecu·</strong></span> 
     </span>
     <span class='ocr_line' id='line_1_15' title="bbox 261 2619 1272 2699; baseline -0.005 -16"><span class='ocrx_word' id='word_1_93' title='bbox 261 2625 328 2683; x_wconf 90' lang='lat' dir='ltr'><strong>bam</strong></span> <span class='ocrx_word' id='word_1_94' title='bbox 354 2653 392 2668; x_wconf 93' lang='lat'><em>-</em></span> <span class='ocrx_word' id='word_1_95' title='bbox 419 2641 445 2685; x_wconf 85' lang='grc' dir='ltr'><strong>ν.</strong></span> <span class='ocrx_word' id='word_1_96' title='bbox 474 2625 532 2699; x_wconf 90' lang='lat'><strong>760</strong></span> <span class='ocrx_word' id='word_1_97' title='bbox 555 2655 594 2666; x_wconf 92' lang='lat'><em>-</em></span> <span class='ocrx_word' id='word_1_98' title='bbox 619 2641 652 2682; x_wconf 92' lang='lat' dir='ltr'><strong>se</strong></span> <span class='ocrx_word' id='word_1_99' title='bbox 676 2640 764 2681; x_wconf 89' lang='lat' dir='ltr'><strong>unam</strong></span> <span class='ocrx_word' id='word_1_100' title='bbox 793 2620 934 2697; x_wconf 87' lang='lat' dir='ltr'><strong>Aeschyli</strong></span> <span class='ocrx_word' id='word_1_101' title='bbox 963 2621 1009 2682; x_wconf 82' lang='lat' dir='ltr'><strong>vel</strong></span> <span class='ocrx_word' id='word_1_102' title='bbox 1033 2619 1189 2698; x_wconf 84' lang='lat' dir='ltr'><strong>Sophoclis</strong></span> <span class='ocrx_word' id='word_1_103' title='bbox 1215 2629 1272 2679; x_wconf 90' lang='lat' dir='ltr'><strong>tra·</strong></span> 
     </span>
     <span class='ocr_line' id='line_1_16' title="bbox 259 2712 1272 2794; baseline -0.004 -18"><span class='ocrx_word' id='word_1_104' title='bbox 259 2717 399 2794; x_wconf 86' lang='lat' dir='ltr'><strong>goediam</strong></span> <span class='ocrx_word' id='word_1_105' title='bbox 412 2723 667 2792; x_wconf 83' lang='lat' dir='ltr'><strong>compensaturum</strong></span> <span class='ocrx_word' id='word_1_106' title='bbox 684 2733 749 2775; x_wconf 87' lang='lat' dir='ltr'><strong>esse</strong></span> <span class='ocrx_word' id='word_1_107' title='bbox 759 2733 825 2774; x_wconf 92' lang='lat' dir='ltr'><strong>cum</strong></span> <span class='ocrx_word' id='word_1_108' title='bbox 839 2715 979 2773; x_wconf 86' lang='lat' dir='ltr'><strong>omnibus</strong></span> <span class='ocrx_word' id='word_1_109' title='bbox 991 2712 1093 2774; x_wconf 76' lang='lat' dir='ltr'><strong>fabulis</strong></span> <span class='ocrx_word' id='word_1_110' title='bbox 1102 2713 1272 2790; x_wconf 81' lang='lat' dir='ltr'><strong>Euripidcis</strong></span> 
     </span>
    </p>

    <p class='ocr_par' dir='ltr' id='par_1_6' title="bbox 260 2805 1273 3070">
     <span class='ocr_line' id='line_1_17' title="bbox 339 2805 1273 2885; baseline -0.004 -18"><span class='ocrx_word' id='word_1_111' title='bbox 339 2806 534 2885; x_wconf 87' lang='lat' dir='ltr'><strong>Schlegeiium</strong></span> <span class='ocrx_word' id='word_1_112' title='bbox 560 2809 678 2884; x_wconf 93' lang='lat' dir='ltr'><strong>quidem</strong></span> <span class='ocrx_word' id='word_1_113' title='bbox 706 2825 772 2868; x_wconf 92' lang='lat' dir='ltr'><strong>cum</strong></span> <span class='ocrx_word' id='word_1_114' title='bbox 793 2808 962 2868; x_wconf 86' lang='lat' dir='ltr'><strong>Hermanno</strong></span> <span class='ocrx_word' id='word_1_115' title='bbox 990 2825 1093 2867; x_wconf 88' lang='lat' dir='ltr'><strong>omnes</strong></span> <span class='ocrx_word' id='word_1_116' title='bbox 1124 2805 1183 2867; x_wconf 84' lang='lat' dir='ltr'><strong>iere</strong></span> <span class='ocrx_word' id='word_1_117' title='bbox 1206 2813 1273 2866; x_wconf 90' lang='lat' dir='ltr'><strong>sunt</strong></span> 
     </span>
     <span class='ocr_line' id='line_1_18' title="bbox 260 2898 1271 2976; baseline -0.004 -14"><span class='ocrx_word' id='word_1_118' title='bbox 260 2901 352 2962; x_wconf 87' lang='lat' dir='ltr'><strong>secuti</strong></span> <span class='ocrx_word' id='word_1_119' title='bbox 372 2902 424 2962; x_wconf 86' lang='lat' dir='ltr'><strong>viri</strong></span> <span class='ocrx_word' id='word_1_120' title='bbox 444 2902 532 2970; x_wconf 87' lang='lat' dir='ltr'><strong>docti,</strong></span> <span class='ocrx_word' id='word_1_121' title='bbox 553 2899 627 2961; x_wconf 89' lang='lat' dir='ltr'><strong>inter</strong></span> <span class='ocrx_word' id='word_1_122' title='bbox 645 2919 720 2976; x_wconf 91' lang='lat' dir='ltr'><strong>quos</strong></span> <span class='ocrx_word' id='word_1_123' title='bbox 736 2901 856 2962; x_wconf 93' lang='lat' dir='ltr'><strong>nomino</strong></span> <span class='ocrx_word' id='word_1_124' title='bbox 872 2899 1067 2969; x_wconf 87' lang='lat' dir='ltr'><strong>Welckerum,</strong></span> <span class='ocrx_word' id='word_1_125' title='bbox 1084 2898 1271 2961; x_wconf 75' lang='lat' dir='ltr'><strong>&#39;Odolredum</strong></span> 
     </span>
     <span class='ocr_line' id='line_1_19' title="bbox 261 2993 1271 3070; baseline -0.003 -15"><span class='ocrx_word' id='word_1_126' title='bbox 261 3003 292 3055; x_wconf 90' lang='lat' dir='ltr'><strong>et</strong></span> <span class='ocrx_word' id='word_1_127' title='bbox 311 2994 479 3054; x_wconf 85' lang='lat' dir='ltr'><strong>Eduardum</strong></span> <span class='ocrx_word' id='word_1_128' title='bbox 500 2993 645 3062; x_wconf 76' lang='lat' dir='ltr'><strong>Mulieres,</strong></span> <span class='ocrx_word' id='word_1_129' title='bbox 665 2995 894 3069; x_wconf 86' lang='lat' dir='ltr'><strong>chhardyum,</strong></span> <span class='ocrx_word' id='word_1_130' title='bbox 910 2995 1109 3054; x_wconf 84' lang='lat' dir='ltr'><strong>Ritschellum.</strong></span> <span class='ocrx_word' id='word_1_131' title='bbox 1140 2993 1198 3070; x_wconf 86' lang='lat' dir='ltr'><strong>Qui</strong></span> <span class='ocrx_word' id='word_1_132' title='bbox 1219 2995 1271 3052; x_wconf 83' lang='lat' dir='ltr'><strong>uiri</strong></span> 
     </span>
    </p>
   </div>
   <div class='ocr_carea' id='block_1_5' title="bbox 261 3087 1348 3164">
    <p class='ocr_par' dir='ltr' id='par_1_7' title="bbox 261 3087 1348 3164">
     <span class='ocr_line' id='line_1_20' title="bbox 261 3087 1348 3164; baseline -0.003 -18"><span class='ocrx_word' id='word_1_133' title='bbox 261 3087 354 3156; x_wconf 85' lang='lat' dir='ltr'><strong>docti,</strong></span> <span class='ocrx_word' id='word_1_134' title='bbox 373 3088 478 3164; x_wconf 88' lang='lat' dir='ltr'><strong>qulbus</strong></span> <span class='ocrx_word' id='word_1_135' title='bbox 498 3105 556 3162; x_wconf 87' lang='lat' dir='ltr'><strong>ego</strong></span> <span class='ocrx_word' id='word_1_136' title='bbox 576 3105 692 3162; x_wconf 87' lang='lat' dir='ltr'><strong>quoque</strong></span> <span class='ocrx_word' id='word_1_137' title='bbox 711 3089 864 3156; x_wconf 88' lang='lat' dir='ltr'><strong>assentior,</strong></span> <span class='ocrx_word' id='word_1_138' title='bbox 889 3087 1118 3164; x_wconf 82' lang='lat' dir='ltr'><strong>Aristophanem</strong></span> <span class='ocrx_word' id='word_1_139' title='bbox 1138 3105 1191 3144; x_wconf 90' lang='lat' dir='ltr'><strong>suo</strong></span> <span class='ocrx_word' id='word_1_140' title='bbox 1211 3087 1272 3145; x_wconf 89' lang='lat' dir='ltr'><strong>iure</strong></span> <span class='ocrx_word' id='word_1_141' title='bbox 1345 3107 1348 3118; x_wconf 93' lang='lat'>·</span> 
     </span>
    </p>
   </div>
   <div class='ocr_carea' id='block_1_6' title="bbox 259 3179 1272 3826">
    <p class='ocr_par' dir='ltr' id='par_1_8' title="bbox 260 3179 1271 3353">
     <span class='ocr_line' id='line_1_21' title="bbox 261 3179 1271 3267; baseline -0.004 -25"><span class='ocrx_word' id='word_1_142' title='bbox 261 3179 407 3258; x_wconf 85' lang='lat' dir='ltr'><strong>Euripidis</strong></span> <span class='ocrx_word' id='word_1_143' title='bbox 428 3181 550 3242; x_wconf 86' lang='lat' dir='ltr'><strong>irrisisse</strong></span> <span class='ocrx_word' id='word_1_144' title='bbox 573 3179 683 3240; x_wconf 80' lang='lat' dir='ltr'><strong>tabulas</strong></span> <span class='ocrx_word' id='word_1_145' title='bbox 702 3189 831 3260; x_wconf 78' lang='lat' dir='ltr'><strong>ceruept,</strong></span> <span class='ocrx_word' id='word_1_146' title='bbox 858 3199 933 3258; x_wconf 88' lang='lat' dir='ltr'><strong>quae</strong></span> <span class='ocrx_word' id='word_1_147' title='bbox 960 3188 991 3267; x_wconf 78' lang='lat' dir='ltr'><strong>et</strong></span> <span class='ocrx_word' id='word_1_148' title='bbox 1013 3187 1107 3240; x_wconf 90' lang='lat' dir='ltr'><strong>artem</strong></span> <span class='ocrx_word' id='word_1_149' title='bbox 1131 3185 1271 3256; x_wconf 79' lang='lat' dir='ltr'><strong>tragicam</strong></span> 
     </span>
     <span class='ocr_line' id='line_1_22' title="bbox 260 3275 739 3353; baseline 0 -17"><span class='ocrx_word' id='word_1_150' title='bbox 260 3277 438 3353; x_wconf 90' lang='lat' dir='ltr'><strong>corruperint</strong></span> <span class='ocrx_word' id='word_1_151' title='bbox 457 3285 488 3338; x_wconf 91' lang='lat' dir='ltr'><strong>et</strong></span> <span class='ocrx_word' id='word_1_152' title='bbox 508 3275 614 3337; x_wconf 87' lang='lat' dir='ltr'><strong>civium</strong></span> <span class='ocrx_word' id='word_1_153' title='bbox 634 3293 739 3337; x_wconf 89' lang='lat' dir='ltr'><strong>mores.</strong></span> 
     </span>
    </p>

    <p class='ocr_par' dir='ltr' id='par_1_9' title="bbox 259 3369 1272 3826">
     <span class='ocr_line' id='line_1_23' title="bbox 338 3369 1270 3447; baseline -0.004 -17"><span class='ocrx_word' id='word_1_154' title='bbox 338 3369 446 3430; x_wconf 87' lang='lat' dir='ltr'><strong>Contra</strong></span> <span class='ocrx_word' id='word_1_155' title='bbox 483 3370 656 3446; x_wconf 89' lang='lat' dir='ltr'><strong>Droysenus</strong></span> <span class='ocrx_word' id='word_1_156' title='bbox 693 3401 731 3414; x_wconf 93' lang='lat'>-</span> <span class='ocrx_word' id='word_1_157' title='bbox 765 3371 801 3433; x_wconf 84' lang='lat' dir='ltr'><strong>cl.</strong></span> <span class='ocrx_word' id='word_1_158' title='bbox 834 3371 965 3432; x_wconf 89' lang='lat' dir='ltr'><strong>eiusdem</strong></span> <span class='ocrx_word' id='word_1_159' title='bbox 1004 3369 1270 3447; x_wconf 84' lang='lat' dir='ltr'><strong>interpretationem</strong></span> 
     </span>
     <span class='ocr_line' id='line_1_24' title="bbox 259 3461 1268 3542; baseline 0.002 -20"><span class='ocrx_word' id='word_1_160' title='bbox 259 3481 381 3542; x_wconf 87' lang='lat' dir='ltr'><strong>opemm</strong></span> <span class='ocrx_word' id='word_1_161' title='bbox 401 3461 608 3541; x_wconf 87' lang='lat' dir='ltr'><strong>Aristophanis</strong></span> <span class='ocrx_word' id='word_1_162' title='bbox 635 3471 706 3524; x_wconf 91' lang='lat' dir='ltr'><strong>tom.</strong></span> <span class='ocrx_word' id='word_1_163' title='bbox 732 3477 758 3540; x_wconf 77' lang='lat'><strong>3.</strong></span> <span class='ocrx_word' id='word_1_164' title='bbox 783 3483 810 3541; x_wconf 93' lang='lat' dir='ltr'><strong>p.</strong></span> <span class='ocrx_word' id='word_1_165' title='bbox 837 3465 893 3541; x_wconf 75' lang='lat'><strong>398</strong></span> <span class='ocrx_word' id='word_1_166' title='bbox 916 3493 954 3509; x_wconf 89' lang='lat'><strong>-·</strong></span> <span class='ocrx_word' id='word_1_167' title='bbox 974 3462 1202 3542; x_wconf 85' lang='lat' dir='ltr'><strong>Aristophanem</strong></span> <span class='ocrx_word' id='word_1_168' title='bbox 1230 3461 1268 3524; x_wconf 88' lang='lat' dir='ltr'><strong>de</strong></span> 
     </span>
     <span class='ocr_line' id='line_1_25' title="bbox 260 3556 1268 3636; baseline -0.002 -18"><span class='ocrx_word' id='word_1_169' title='bbox 260 3557 399 3636; x_wconf 80' lang='lat' dir='ltr'><strong>Euripide</strong></span> <span class='ocrx_word' id='word_1_170' title='bbox 422 3557 539 3618; x_wconf 91' lang='lat' dir='ltr'><strong>minime</strong></span> <span class='ocrx_word' id='word_1_171' title='bbox 561 3557 624 3618; x_wconf 90' lang='lat' dir='ltr'><strong>sine</strong></span> <span class='ocrx_word' id='word_1_172' title='bbox 649 3557 692 3618; x_wconf 91' lang='lat' dir='ltr'><strong>ira</strong></span> <span class='ocrx_word' id='word_1_173' title='bbox 716 3566 747 3618; x_wconf 90' lang='lat' dir='ltr'><strong>et</strong></span> <span class='ocrx_word' id='word_1_174' title='bbox 765 3556 870 3628; x_wconf 90' lang='lat' dir='ltr'><strong>studio,</strong></span> <span class='ocrx_word' id='word_1_175' title='bbox 895 3559 948 3618; x_wconf 89' lang='lat' dir='ltr'><strong>sed</strong></span> <span class='ocrx_word' id='word_1_176' title='bbox 971 3577 1059 3636; x_wconf 91' lang='lat' dir='ltr'><strong>quam</strong></span> <span class='ocrx_word' id='word_1_177' title='bbox 1083 3557 1268 3635; x_wconf 87' lang='lat' dir='ltr'><strong>cupidissime</strong></span> 
     </span>
     <span class='ocr_line' id='line_1_26' title="bbox 259 3649 1269 3730; baseline 0.002 -21"><span class='ocrx_word' id='word_1_178' title='bbox 259 3651 432 3712; x_wconf 87' lang='lat' dir='ltr'><strong>iudicavisse</strong></span> <span class='ocrx_word' id='word_1_179' title='bbox 458 3658 559 3712; x_wconf 86' lang='lat' dir='ltr'><strong>censet</strong></span> <span class='ocrx_word' id='word_1_180' title='bbox 585 3660 616 3712; x_wconf 90' lang='lat' dir='ltr'><strong>et</strong></span> <span class='ocrx_word' id='word_1_181' title='bbox 643 3651 719 3713; x_wconf 91' lang='lat' dir='ltr'><strong>laudi</strong></span> <span class='ocrx_word' id='word_1_182' title='bbox 747 3649 846 3712; x_wconf 87' lang='lat' dir='ltr'><strong>tribuit</strong></span> <span class='ocrx_word' id='word_1_183' title='bbox 865 3651 994 3730; x_wconf 72' lang='lat' dir='ltr'><strong>Euripidi</strong></span> <span class='ocrx_word' id='word_1_184' title='bbox 1022 3686 1061 3698; x_wconf 96' lang='lat'><em>-</em></span> <span class='ocrx_word' id='word_1_185' title='bbox 1090 3651 1125 3712; x_wconf 80' lang='lat' dir='ltr'><strong>ci</strong></span> <span class='ocrx_word' id='word_1_186' title='bbox 1154 3652 1172 3713; x_wconf 88' lang='lat' dir='ltr'><strong>i.</strong></span> <span class='ocrx_word' id='word_1_187' title='bbox 1201 3651 1218 3714; x_wconf 92' lang='lat' dir='ltr'><strong>l.</strong></span> <span class='ocrx_word' id='word_1_188' title='bbox 1244 3665 1269 3728; x_wconf 78' lang='lat'><strong>3.</strong></span> 
     </span>
     <span class='ocr_line' id='line_1_27' title="bbox 260 3745 1272 3826; baseline -0.002 -18"><span class='ocrx_word' id='word_1_189' title='bbox 260 3763 288 3823; x_wconf 88' lang='lat' dir='ltr'><strong>p.</strong></span> <span class='ocrx_word' id='word_1_190' title='bbox 312 3759 369 3822; x_wconf 78' lang='lat'><strong>399</strong></span> <span class='ocrx_word' id='word_1_191' title='bbox 387 3763 411 3808; x_wconf 89' lang='lat' dir='ltr'><strong>s.</strong></span> <span class='ocrx_word' id='word_1_192' title='bbox 425 3775 472 3818; x_wconf 86' lang='lat'><strong>-,</strong></span> <span class='ocrx_word' id='word_1_193' title='bbox 487 3745 567 3824; x_wconf 86' lang='lat' dir='ltr'><strong>quod</strong></span> <span class='ocrx_word' id='word_1_194' title='bbox 587 3745 698 3825; x_wconf 88' lang='lat' dir='ltr'><strong>primus</strong></span> <span class='ocrx_word' id='word_1_195' title='bbox 717 3746 765 3808; x_wconf 93' lang='lat' dir='ltr'><strong>ille</strong></span> <span class='ocrx_word' id='word_1_196' title='bbox 783 3765 818 3808; x_wconf 91' lang='lat' dir='ltr'><strong>ac</strong></span> <span class='ocrx_word' id='word_1_197' title='bbox 837 3747 876 3808; x_wconf 92' lang='lat' dir='ltr'><strong>de</strong></span> <span class='ocrx_word' id='word_1_198' title='bbox 895 3747 1035 3810; x_wconf 88' lang='lat' dir='ltr'><strong>industria</strong></span> <span class='ocrx_word' id='word_1_199' title='bbox 1053 3747 1181 3826; x_wconf 87' lang='lat' dir='ltr'><strong>corrupit</strong></span> <span class='ocrx_word' id='word_1_200' title='bbox 1200 3745 1272 3807; x_wconf 88' lang='lat' dir='ltr'><strong>anti·</strong></span> 
     </span>
    </p>
   </div>
   <div class='ocr_carea' id='block_1_7' title="bbox 2097 460 2268 520">
    <p class='ocr_par' dir='ltr' id='par_1_10' title="bbox 2097 460 2268 520">
     <span class='ocr_line' id='line_1_28' title="bbox 2097 460 2268 520; baseline -0.006 -30"><span class='ocrx_word' id='word_1_201' title='bbox 2097 460 2268 520; x_wconf 67' lang='lat'><strong>‚5-</strong></span> 
     </span>
    </p>
   </div>
   <div class='ocr_carea' id='block_1_8' title="bbox 1660 599 2741 3849">
    <p class='ocr_par' dir='ltr' id='par_1_11' title="bbox 1673 599 2689 864">
     <span class='ocr_line' id='line_1_29' title="bbox 1674 599 2689 679; baseline 0 -18"><span class='ocrx_word' id='word_1_202' title='bbox 1674 620 1763 679; x_wconf 90' lang='lat' dir='ltr'><strong>quam</strong></span> <span class='ocrx_word' id='word_1_203' title='bbox 1787 599 2010 662; x_wconf 81' lang='lat' dir='ltr'><strong>Atheniensium</strong></span> <span class='ocrx_word' id='word_1_204' title='bbox 2038 601 2228 678; x_wconf 88' lang='lat' dir='ltr'><strong>disciplinam.</strong></span> <span class='ocrx_word' id='word_1_205' title='bbox 2272 599 2316 660; x_wconf 87' lang='lat' dir='ltr'><strong>At</strong></span> <span class='ocrx_word' id='word_1_206' title='bbox 2340 601 2363 660; x_wconf 91' lang='lat' dir='ltr'><strong>si</strong></span> <span class='ocrx_word' id='word_1_207' title='bbox 2392 619 2423 660; x_wconf 91' lang='lat' dir='ltr'><strong>rc</strong></span> <span class='ocrx_word' id='word_1_208' title='bbox 2447 619 2515 660; x_wconf 87' lang='lat' dir='ltr'><strong>vera</strong></span> <span class='ocrx_word' id='word_1_209' title='bbox 2536 599 2689 677; x_wconf 80' lang='lat' dir='ltr'><strong>Euripides</strong></span> 
     </span>
     <span class='ocr_line' id='line_1_30' title="bbox 1674 694 2689 773; baseline 0.002 -20"><span class='ocrx_word' id='word_1_210' title='bbox 1674 694 1773 755; x_wconf 84' lang='lat' dir='ltr'><strong>luisset</strong></span> <span class='ocrx_word' id='word_1_211' title='bbox 1792 697 1909 773; x_wconf 87' lang='lat' dir='ltr'><strong>sapiens</strong></span> <span class='ocrx_word' id='word_1_212' title='bbox 1929 695 1978 755; x_wconf 89' lang='lat' dir='ltr'><strong>ille</strong></span> <span class='ocrx_word' id='word_1_213' title='bbox 1993 696 2042 771; x_wconf 93' lang='lat' dir='ltr'><strong>qui</strong></span> <span class='ocrx_word' id='word_1_214' title='bbox 2060 695 2156 765; x_wconf 77' lang='lat' dir='ltr'><strong>fertur,</strong></span> <span class='ocrx_word' id='word_1_215' title='bbox 2172 697 2308 770; x_wconf 90' lang='lat' dir='ltr'><strong>antiquae</strong></span> <span class='ocrx_word' id='word_1_216' title='bbox 2321 695 2489 772; x_wconf 88' lang='lat' dir='ltr'><strong>disciplinae</strong></span> <span class='ocrx_word' id='word_1_217' title='bbox 2505 697 2689 772; x_wconf 84' lang='lat' dir='ltr'><strong>pepercisset,</strong></span> 
     </span>
     <span class='ocr_line' id='line_1_31' title="bbox 1673 789 2222 864; baseline 0.004 -17"><span class='ocrx_word' id='word_1_218' title='bbox 1673 807 1739 848; x_wconf 87' lang='lat' dir='ltr'><strong>cum</strong></span> <span class='ocrx_word' id='word_1_219' title='bbox 1761 807 1866 848; x_wconf 90' lang='lat' dir='ltr'><strong>novam</strong></span> <span class='ocrx_word' id='word_1_220' title='bbox 1887 789 2063 848; x_wconf 85' lang='lat' dir='ltr'><strong>substituere</strong></span> <span class='ocrx_word' id='word_1_221' title='bbox 2083 790 2222 864; x_wconf 88' lang='lat' dir='ltr'><strong>nequiret.</strong></span> 
     </span>
    </p>

    <p class='ocr_par' dir='ltr' id='par_1_12' title="bbox 1668 881 2689 1404">
     <span class='ocr_line' id='line_1_32' title="bbox 1750 881 2689 956; baseline 0 -16"><span class='ocrx_word' id='word_1_222' title='bbox 1750 881 1823 940; x_wconf 87' lang='lat' dir='ltr'><strong>item</strong></span> <span class='ocrx_word' id='word_1_223' title='bbox 1857 883 2054 955; x_wconf 85' lang='lat' dir='ltr'><strong>Hartungius,</strong></span> <span class='ocrx_word' id='word_1_224' title='bbox 2081 884 2129 956; x_wconf 83' lang='lat' dir='ltr'><strong>qui</strong></span> <span class='ocrx_word' id='word_1_225' title='bbox 2154 881 2361 956; x_wconf 86' lang='lat' dir='ltr'><strong>Aristophanis</strong></span> <span class='ocrx_word' id='word_1_226' title='bbox 2393 900 2608 956; x_wconf 87' lang='lat' dir='ltr'><strong>nonnumquam</strong></span> <span class='ocrx_word' id='word_1_227' title='bbox 2637 885 2689 940; x_wconf 93' lang='lat' dir='ltr'><strong>im·</strong></span> 
     </span>
     <span class='ocr_line' id='line_1_33' title="bbox 1673 972 2688 1051; baseline -0.004 -19"><span class='ocrx_word' id='word_1_228' title='bbox 1673 975 1783 1050; x_wconf 87' lang='lat' dir='ltr'><strong>pendio</strong></span> <span class='ocrx_word' id='word_1_229' title='bbox 1811 972 1990 1034; x_wconf 86' lang='lat' dir='ltr'><strong>delendebat</strong></span> <span class='ocrx_word' id='word_1_230' title='bbox 2019 973 2206 1050; x_wconf 85' lang='lat' dir='ltr'><strong>Euripidem,</strong></span> <span class='ocrx_word' id='word_1_231' title='bbox 2243 975 2317 1033; x_wconf 90' lang='lat' dir='ltr'><strong>inter</strong></span> <span class='ocrx_word' id='word_1_232' title='bbox 2347 975 2463 1032; x_wconf 88' lang='lat' dir='ltr'><strong>alia-</strong></span> <span class='ocrx_word' id='word_1_233' title='bbox 2488 972 2524 1032; x_wconf 86' lang='lat' dir='ltr'><strong>ci.</strong></span> <span class='ocrx_word' id='word_1_234' title='bbox 2544 973 2688 1051; x_wconf 77' lang='lat' dir='ltr'><strong>Euripidis</strong></span> 
     </span>
     <span class='ocr_line' id='line_1_34' title="bbox 1672 1065 2687 1142; baseline -0.001 -19"><span class='ocrx_word' id='word_1_235' title='bbox 1672 1067 1793 1126; x_wconf 90' lang='lat' dir='ltr'><strong>restituti</strong></span> <span class='ocrx_word' id='word_1_236' title='bbox 1819 1067 1890 1125; x_wconf 90' lang='lat' dir='ltr'><strong>tomi</strong></span> <span class='ocrx_word' id='word_1_237' title='bbox 1922 1081 1943 1124; x_wconf 87' lang='lat' dir='ltr'><strong>t.</strong></span> <span class='ocrx_word' id='word_1_238' title='bbox 1964 1085 1991 1142; x_wconf 95' lang='lat' dir='ltr'><strong>p.</strong></span> <span class='ocrx_word' id='word_1_239' title='bbox 2013 1067 2071 1140; x_wconf 83' lang='lat'><strong>326</strong></span> <span class='ocrx_word' id='word_1_240' title='bbox 2089 1065 2171 1124; x_wconf 89' lang='lat' dir='ltr'><strong>initio</strong></span> <span class='ocrx_word' id='word_1_241' title='bbox 2190 1097 2229 1110; x_wconf 89' lang='lat'>-</span> <span class='ocrx_word' id='word_1_242' title='bbox 2254 1065 2483 1142; x_wconf 87' lang='lat' dir='ltr'><strong>Aristophanem</strong></span> <span class='ocrx_word' id='word_1_243' title='bbox 2508 1067 2687 1142; x_wconf 81' lang='lat' dir='ltr'><strong>sapientibus</strong></span> 
     </span>
     <span class='ocr_line' id='line_1_35' title="bbox 1671 1156 2687 1234; baseline -0.001 -18"><span class='ocrx_word' id='word_1_244' title='bbox 1671 1157 1834 1234; x_wconf 89' lang='lat' dir='ltr'><strong>Euripideis</strong></span> <span class='ocrx_word' id='word_1_245' title='bbox 1854 1160 1882 1216; x_wconf 92' lang='lat' dir='ltr'><strong>in</strong></span> <span class='ocrx_word' id='word_1_246' title='bbox 1904 1160 2054 1216; x_wconf 89' lang='lat' dir='ltr'><strong>mendicos</strong></span> <span class='ocrx_word' id='word_1_247' title='bbox 2074 1159 2193 1217; x_wconf 87' lang='lat' dir='ltr'><strong>mutatis</strong></span> <span class='ocrx_word' id='word_1_248' title='bbox 2213 1156 2329 1216; x_wconf 80' lang='lat' dir='ltr'><strong>efficere</strong></span> <span class='ocrx_word' id='word_1_249' title='bbox 2349 1159 2496 1216; x_wconf 84' lang='lat' dir='ltr'><strong>shrduisse</strong></span> <span class='ocrx_word' id='word_1_250' title='bbox 2514 1169 2626 1224; x_wconf 88' lang='lat' dir='ltr'><strong>censet,</strong></span> <span class='ocrx_word' id='word_1_251' title='bbox 2651 1176 2687 1215; x_wconf 89' lang='lat' dir='ltr'><strong>ne</strong></span> 
     </span>
     <span class='ocr_line' id='line_1_36' title="bbox 1670 1250 2685 1327; baseline 0.001 -20"><span class='ocrx_word' id='word_1_252' title='bbox 1670 1269 1727 1326; x_wconf 88' lang='lat' dir='ltr'><strong>qua</strong></span> <span class='ocrx_word' id='word_1_253' title='bbox 1758 1269 1880 1326; x_wconf 87' lang='lat' dir='ltr'><strong>usquam</strong></span> <span class='ocrx_word' id='word_1_254' title='bbox 1909 1250 2020 1309; x_wconf 87' lang='lat' dir='ltr'><strong>virtutis</strong></span> <span class='ocrx_word' id='word_1_255' title='bbox 2048 1250 2262 1327; x_wconf 89' lang='lat' dir='ltr'><strong>probitatisque</strong></span> <span class='ocrx_word' id='word_1_256' title='bbox 2288 1251 2401 1326; x_wconf 82' lang='lat' dir='ltr'><strong>species</strong></span> <span class='ocrx_word' id='word_1_257' title='bbox 2424 1252 2453 1309; x_wconf 92' lang='lat' dir='ltr'><strong>in</strong></span> <span class='ocrx_word' id='word_1_258' title='bbox 2478 1250 2552 1310; x_wconf 85' lang='lat' dir='ltr'><strong>iliius</strong></span> <span class='ocrx_word' id='word_1_259' title='bbox 2572 1251 2685 1326; x_wconf 89' lang='lat' dir='ltr'><strong>scriptis</strong></span> 
     </span>
     <span class='ocr_line' id='line_1_37' title="bbox 1668 1342 1936 1404; baseline 0.019 -6"><span class='ocrx_word' id='word_1_260' title='bbox 1668 1342 1761 1402; x_wconf 87' lang='lat' dir='ltr'><strong>inesse</strong></span> <span class='ocrx_word' id='word_1_261' title='bbox 1782 1344 1936 1404; x_wconf 84' lang='lat' dir='ltr'><strong>videretur.</strong></span> 
     </span>
    </p>

    <p class='ocr_par' dir='ltr' id='par_1_13' title="bbox 1667 1435 2685 1976">
     <span class='ocr_line' id='line_1_38' title="bbox 1749 1435 2685 1513; baseline 0.003 -20"><span class='ocrx_word' id='word_1_262' title='bbox 1749 1435 1861 1494; x_wconf 92' lang='lat' dir='ltr'><strong>Verum</strong></span> <span class='ocrx_word' id='word_1_263' title='bbox 1883 1437 2042 1496; x_wconf 86' lang='lat' dir='ltr'><strong>rectissime</strong></span> <span class='ocrx_word' id='word_1_264' title='bbox 2062 1437 2199 1496; x_wconf 84' lang='lat' dir='ltr'><strong>iudicavit</strong></span> <span class='ocrx_word' id='word_1_265' title='bbox 2219 1435 2446 1513; x_wconf 87' lang='lat' dir='ltr'><strong>Aristophanes,</strong></span> <span class='ocrx_word' id='word_1_266' title='bbox 2470 1438 2518 1512; x_wconf 91' lang='lat' dir='ltr'><strong>qui</strong></span> <span class='ocrx_word' id='word_1_267' title='bbox 2540 1439 2685 1513; x_wconf 67' lang='lat' dir='ltr'><strong>sepientes</strong></span> 
     </span>
     <span class='ocr_line' id='line_1_39' title="bbox 1668 1527 2685 1605; baseline 0.002 -20"><span class='ocrx_word' id='word_1_268' title='bbox 1668 1528 1733 1586; x_wconf 90' lang='lat' dir='ltr'><strong>illos</strong></span> <span class='ocrx_word' id='word_1_269' title='bbox 1758 1527 1903 1604; x_wconf 85' lang='lat' dir='ltr'><strong>Euripidis</strong></span> <span class='ocrx_word' id='word_1_270' title='bbox 1923 1547 2084 1604; x_wconf 89' lang='lat' dir='ltr'><strong>eorumque</strong></span> <span class='ocrx_word' id='word_1_271' title='bbox 2109 1529 2272 1589; x_wconf 88' lang='lat' dir='ltr'><strong>doctrinam</strong></span> <span class='ocrx_word' id='word_1_272' title='bbox 2298 1529 2396 1588; x_wconf 91' lang='lat' dir='ltr'><strong>irridet</strong></span> <span class='ocrx_word' id='word_1_273' title='bbox 2427 1530 2622 1605; x_wconf 83' lang='lat' dir='ltr'><strong>sophisticam.</strong></span> <span class='ocrx_word' id='word_1_274' title='bbox 2649 1528 2685 1587; x_wconf 86' lang='lat' dir='ltr'><strong>ci.</strong></span> 
     </span>
     <span class='ocr_line' id='line_1_40' title="bbox 1669 1621 2684 1698; baseline 0 -20"><span class='ocrx_word' id='word_1_275' title='bbox 1669 1621 1741 1678; x_wconf 79' lang='lat' dir='ltr'><strong>itan.</strong></span> <span class='ocrx_word' id='word_1_276' title='bbox 1768 1633 1828 1678; x_wconf 85' lang='lat' dir='ltr'><strong>ror.</strong></span> <span class='ocrx_word' id='word_1_277' title='bbox 1853 1635 1933 1695; x_wconf 83' lang='lat'>¹47¹·</span> <span class='ocrx_word' id='word_1_278' title='bbox 1958 1635 2037 1695; x_wconf 76' lang='lat'>¹475·</span> <span class='ocrx_word' id='word_1_279' title='bbox 2062 1621 2182 1679; x_wconf 87' lang='lat' dir='ltr'><strong>Thesm.</strong></span> <span class='ocrx_word' id='word_1_280' title='bbox 2204 1634 2268 1696; x_wconf 84' lang='lat'><strong>275.</strong></span> <span class='ocrx_word' id='word_1_281' title='bbox 2310 1621 2407 1698; x_wconf 88' lang='lat' dir='ltr'><strong>Quam</strong></span> <span class='ocrx_word' id='word_1_282' title='bbox 2434 1625 2563 1680; x_wconf 86' lang='lat' dir='ltr'><strong>maxime</strong></span> <span class='ocrx_word' id='word_1_283' title='bbox 2587 1629 2684 1680; x_wconf 82' lang='lat' dir='ltr'><strong>autern</strong></span> 
     </span>
     <span class='ocr_line' id='line_1_41' title="bbox 1668 1703 2683 1792; baseline 0.002 -21"><span class='ocrx_word' id='word_1_284' title='bbox 1668 1714 1774 1784; x_wconf 86' lang='lat' dir='ltr'><strong>miror,</strong></span> <span class='ocrx_word' id='word_1_285' title='bbox 1803 1714 1826 1772; x_wconf 92' lang='lat' dir='ltr'><strong>si</strong></span> <span class='ocrx_word' id='word_1_286' title='bbox 1848 1714 2016 1789; x_wconf 85' lang='lat' dir='ltr'><strong>Hartungio</strong></span> <span class='ocrx_word' id='word_1_287' title='bbox 2037 1715 2193 1790; x_wconf 89' lang='lat' dir='ltr'><strong>probatur,</strong></span> <span class='ocrx_word' id='word_1_288' title='bbox 2221 1716 2301 1791; x_wconf 89' lang='lat' dir='ltr'><strong>quod</strong></span> <span class='ocrx_word' id='word_1_289' title='bbox 2330 1713 2481 1792; x_wconf 75' lang='lat' dir='ltr'><strong>Euripides</strong></span> <span class='ocrx_word' id='word_1_290' title='bbox 2510 1703 2683 1775; x_wconf 89' lang='lat' dir='ltr'><strong>multitudini</strong></span> 
     </span>
     <span class='ocr_line' id='line_1_42' title="bbox 1667 1807 2684 1885; baseline 0.002 -21"><span class='ocrx_word' id='word_1_291' title='bbox 1667 1807 1725 1864; x_wconf 88' lang='lat' dir='ltr'><strong>iam</strong></span> <span class='ocrx_word' id='word_1_292' title='bbox 1753 1825 1806 1881; x_wconf 84' lang='lat' dir='ltr'><strong>per</strong></span> <span class='ocrx_word' id='word_1_293' title='bbox 1835 1826 1867 1866; x_wconf 91' lang='lat' dir='ltr'><strong>se</strong></span> <span class='ocrx_word' id='word_1_294' title='bbox 1894 1817 2049 1882; x_wconf 85' lang='lat' dir='ltr'><strong>corruptae</strong></span> <span class='ocrx_word' id='word_1_295' title='bbox 2077 1809 2104 1865; x_wconf 90' lang='lat' dir='ltr'><strong>in</strong></span> <span class='ocrx_word' id='word_1_296' title='bbox 2129 1807 2229 1867; x_wconf 91' lang='lat' dir='ltr'><strong>Aeolo</strong></span> <span class='ocrx_word' id='word_1_297' title='bbox 2259 1809 2401 1868; x_wconf 75' lang='lat' dir='ltr'><strong>famosam</strong></span> <span class='ocrx_word' id='word_1_298' title='bbox 2431 1809 2508 1868; x_wconf 90' lang='lat' dir='ltr'><strong>illam</strong></span> <span class='ocrx_word' id='word_1_299' title='bbox 2538 1811 2684 1885; x_wconf 86' lang='lat' dir='ltr'><strong>praecepit</strong></span> 
     </span>
     <span class='ocr_line' id='line_1_43' title="bbox 1667 1899 2528 1976; baseline -0.002 -20"><span class='ocrx_word' id='word_1_300' title='bbox 1667 1899 1840 1958; x_wconf 89' lang='lat' dir='ltr'><strong>sententiam</strong></span> <span class='ocrx_word' id='word_1_301' title='bbox 1862 1899 1965 1975; x_wconf 78' lang='lat' dir='ltr'><strong>fragm.</strong></span> <span class='ocrx_word' id='word_1_302' title='bbox 1990 1915 2031 1974; x_wconf 84' lang='grc'><strong>19.</strong></span> <span class='ocrx_word' id='word_1_303' title='bbox 2052 1920 2097 1976; x_wconf 89' lang='lat' dir='ltr'><strong>ap.</strong></span> <span class='ocrx_word' id='word_1_304' title='bbox 2118 1901 2217 1959; x_wconf 79' lang='lat' dir='ltr'><strong>Dind:</strong></span> <span class='ocrx_word' id='word_1_305' title='bbox 2526 1947 2528 1954; x_wconf 89' lang='grc'><em>,</em></span> 
     </span>
    </p>

    <p class='ocr_par' dir='ltr' id='par_1_14' title="bbox 1667 1986 2514 2162">
     <span class='ocr_line' id='line_1_44' title="bbox 1784 1986 2514 2073; baseline 0.004 -22"><span class='ocrx_word' id='word_1_306' title='bbox 1784 1992 1814 2051; x_wconf 89' lang='lat' dir='ltr'><strong>rl</strong></span> <span class='ocrx_word' id='word_1_307' title='bbox 1834 1986 1997 2069; x_wconf 62' lang='lat' dir='ltr'><strong>d&#39;niqprir,</strong></span> <span class='ocrx_word' id='word_1_308' title='bbox 2018 1988 2055 2072; x_wconf 72' lang='grc' dir='ltr'><strong>ἢν</strong></span> <span class='ocrx_word' id='word_1_309' title='bbox 2073 1991 2114 2073; x_wconf 71' lang='lat' dir='ltr'><strong>ps}</strong></span> <span class='ocrx_word' id='word_1_310' title='bbox 2136 1999 2213 2052; x_wconf 71' lang='lat' dir='ltr'><strong>rotun</strong></span> <span class='ocrx_word' id='word_1_311' title='bbox 2233 1995 2400 2072; x_wconf 68' lang='lat' dir='ltr'><strong>pprrsps&#39;srne</strong></span> <span class='ocrx_word' id='word_1_312' title='bbox 2419 1995 2514 2072; x_wconf 69' lang='grc' dir='ltr'><strong><em>δοκῇς</em></strong></span> 
     </span>
     <span class='ocr_line' id='line_1_45' title="bbox 1667 2083 2225 2162; baseline 0.004 -18"><span class='ocrx_word' id='word_1_313' title='bbox 1667 2093 1696 2144; x_wconf 90' lang='lat' dir='ltr'><strong>ct</strong></span> <span class='ocrx_word' id='word_1_314' title='bbox 1717 2083 1869 2162; x_wconf 88' lang='lat' dir='ltr'><strong>Hippolyti</strong></span> <span class='ocrx_word' id='word_1_315' title='bbox 1890 2085 1959 2145; x_wconf 88' lang='lat' dir='ltr'><strong>illud</strong></span> <span class='ocrx_word' id='word_1_316' title='bbox 1980 2118 2017 2130; x_wconf 92' lang='lat'><em>-</em></span> <span class='ocrx_word' id='word_1_317' title='bbox 2038 2105 2065 2144; x_wconf 85' lang='grc' dir='ltr'><strong>ν.</strong></span> <span class='ocrx_word' id='word_1_318' title='bbox 2087 2093 2152 2147; x_wconf 80' lang='lat'><strong>612.</strong></span> <span class='ocrx_word' id='word_1_319' title='bbox 2172 2110 2225 2146; x_wconf 86' lang='lat'><strong>-.:</strong></span> 
     </span>
    </p>

    <p class='ocr_par' dir='ltr' id='par_1_15' title="bbox 1665 2173 2682 2444">
     <span class='ocr_line' id='line_1_46' title="bbox 1782 2173 2480 2260; baseline 0.003 -20"><span class='ocrx_word' id='word_1_320' title='bbox 1782 2178 1800 2257; x_wconf 69' lang='grc' dir='ltr'><em>ἡ</em></span> <span class='ocrx_word' id='word_1_321' title='bbox 1820 2175 1929 2257; x_wconf 77' lang='grc' dir='ltr'><strong><em>γλῶττ’</em></strong></span> <span class='ocrx_word' id='word_1_322' title='bbox 1951 2173 2093 2258; x_wconf 69' lang='lat' dir='ltr'><strong>(ipsiipsi,</strong></span> <span class='ocrx_word' id='word_1_323' title='bbox 2115 2178 2134 2258; x_wconf 69' lang='grc' dir='ltr'><em>ἡ</em></span> <span class='ocrx_word' id='word_1_324' title='bbox 2154 2179 2187 2242; x_wconf 83' lang='lat' dir='ltr'><strong>di</strong></span> <span class='ocrx_word' id='word_1_325' title='bbox 2206 2179 2288 2260; x_wconf 64' lang='lat' dir='ltr'><strong>typis·</strong></span> <span class='ocrx_word' id='word_1_326' title='bbox 2308 2177 2480 2259; x_wconf 67' lang='grc' dir='ltr'><em>ἀνώμοτος.</em></span> 
     </span>
     <span class='ocr_line' id='line_1_47' title="bbox 1665 2271 2682 2353; baseline 0 -21"><span class='ocrx_word' id='word_1_327' title='bbox 1665 2271 1708 2332; x_wconf 86' lang='lat' dir='ltr'><strong>Ci.</strong></span> <span class='ocrx_word' id='word_1_328' title='bbox 1729 2273 1798 2332; x_wconf 85' lang='lat' dir='ltr'><strong>Piat.</strong></span> <span class='ocrx_word' id='word_1_329' title='bbox 1813 2273 1965 2334; x_wconf 84' lang='lat' dir='ltr'><strong>Theaetet.</strong></span> <span class='ocrx_word' id='word_1_330' title='bbox 1990 2287 2043 2350; x_wconf 81' lang='lat'><strong>154</strong></span> <span class='ocrx_word' id='word_1_331' title='bbox 2061 2275 2098 2334; x_wconf 89' lang='lat' dir='ltr'><strong>D.</strong></span> <span class='ocrx_word' id='word_1_332' title='bbox 2119 2275 2259 2353; x_wconf 89' lang='lat' dir='ltr'><strong>Sympos.</strong></span> <span class='ocrx_word' id='word_1_333' title='bbox 2286 2291 2339 2352; x_wconf 87' lang='lat'><strong>199</strong></span> <span class='ocrx_word' id='word_1_334' title='bbox 2355 2275 2393 2336; x_wconf 93' lang='lat' dir='ltr'><strong>A.</strong></span> <span class='ocrx_word' id='word_1_335' title='bbox 2409 2274 2518 2337; x_wconf 81' lang='lat' dir='ltr'><strong>Athen</strong></span> <span class='ocrx_word' id='word_1_336' title='bbox 2536 2290 2561 2350; x_wconf 77' lang='lat'><strong>3,</strong></span> <span class='ocrx_word' id='word_1_337' title='bbox 2582 2288 2632 2334; x_wconf 82' lang='lat'><strong>122</strong></span> <span class='ocrx_word' id='word_1_338' title='bbox 2650 2273 2682 2332; x_wconf 87' lang='lat' dir='ltr'><strong>ll.</strong></span> 
     </span>
     <span class='ocr_line' id='line_1_48' title="bbox 1666 2366 2001 2444; baseline 0.009 -18"><span class='ocrx_word' id='word_1_339' title='bbox 1666 2366 1725 2426; x_wconf 81' lang='lat' dir='ltr'><strong>Cic.</strong></span> <span class='ocrx_word' id='word_1_340' title='bbox 1745 2367 1802 2427; x_wconf 79' lang='lat' dir='ltr'><strong>oft</strong></span> <span class='ocrx_word' id='word_1_341' title='bbox 1824 2383 1849 2442; x_wconf 82' lang='lat'><strong>3,</strong></span> <span class='ocrx_word' id='word_1_342' title='bbox 1870 2383 1916 2444; x_wconf 84' lang='lat'><strong>29,</strong></span> <span class='ocrx_word' id='word_1_343' title='bbox 1941 2371 2001 2430; x_wconf 83' lang='lat'><strong>108.</strong></span> 
     </span>
    </p>

    <p class='ocr_par' dir='ltr' id='par_1_16' title="bbox 1662 2459 2741 3472">
     <span class='ocr_line' id='line_1_49' title="bbox 1746 2459 2680 2537; baseline -0.002 -17"><span class='ocrx_word' id='word_1_344' title='bbox 1746 2459 1860 2537; x_wconf 87' lang='lat' dir='ltr'><strong>Quibus</strong></span> <span class='ocrx_word' id='word_1_345' title='bbox 1898 2461 1926 2521; x_wconf 91' lang='lat' dir='ltr'><strong>in</strong></span> <span class='ocrx_word' id='word_1_346' title='bbox 1961 2463 2113 2522; x_wconf 88' lang='lat' dir='ltr'><strong>sententiis</strong></span> <span class='ocrx_word' id='word_1_347' title='bbox 2146 2481 2277 2522; x_wconf 87' lang='lat' dir='ltr'><strong>conexus</strong></span> <span class='ocrx_word' id='word_1_348' title='bbox 2312 2461 2389 2522; x_wconf 88' lang='lat' dir='ltr'><strong>haud</strong></span> <span class='ocrx_word' id='word_1_349' title='bbox 2430 2461 2499 2521; x_wconf 87' lang='lat' dir='ltr'><strong>satis</strong></span> <span class='ocrx_word' id='word_1_350' title='bbox 2530 2460 2680 2521; x_wconf 83' lang='lat' dir='ltr'><strong>excusabit</strong></span> 
     </span>
     <span class='ocr_line' id='line_1_50' title="bbox 1668 2554 2680 2632; baseline 0 -21"><span class='ocrx_word' id='word_1_351' title='bbox 1668 2554 1847 2631; x_wconf 89' lang='lat' dir='ltr'><strong>Euripidem,</strong></span> <span class='ocrx_word' id='word_1_352' title='bbox 1866 2557 2034 2625; x_wconf 77' lang='lat' dir='ltr'><strong>tamenim,</strong></span> <span class='ocrx_word' id='word_1_353' title='bbox 2054 2557 2102 2632; x_wconf 91' lang='lat' dir='ltr'><strong>qui</strong></span> <span class='ocrx_word' id='word_1_354' title='bbox 2117 2559 2177 2615; x_wconf 89' lang='lat' dir='ltr'><strong>eius</strong></span> <span class='ocrx_word' id='word_1_355' title='bbox 2199 2557 2278 2615; x_wconf 90' lang='lat' dir='ltr'><strong>modi</strong></span> <span class='ocrx_word' id='word_1_356' title='bbox 2294 2559 2421 2615; x_wconf 88' lang='lat' dir='ltr'><strong>abutitur</strong></span> <span class='ocrx_word' id='word_1_357' title='bbox 2440 2557 2597 2626; x_wconf 84' lang='lat' dir='ltr'><strong>sententiis,</strong></span> <span class='ocrx_word' id='word_1_358' title='bbox 2618 2573 2680 2612; x_wconf 88' lang='lat' dir='ltr'><strong>sen·</strong></span> 
     </span>
     <span class='ocr_line' id='line_1_51' title="bbox 1666 2649 2680 2727; baseline 0.001 -22"><span class='ocrx_word' id='word_1_359' title='bbox 1666 2649 1819 2706; x_wconf 89' lang='lat' dir='ltr'><strong>tentiarum</strong></span> <span class='ocrx_word' id='word_1_360' title='bbox 1838 2649 1953 2725; x_wconf 89' lang='lat' dir='ltr'><strong>respicit</strong></span> <span class='ocrx_word' id='word_1_361' title='bbox 1967 2667 2122 2708; x_wconf 88' lang='lat' dir='ltr'><strong>conexum.</strong></span> <span class='ocrx_word' id='word_1_362' title='bbox 2155 2649 2243 2727; x_wconf 85' lang='lat' dir='ltr'><strong>Quod</strong></span> <span class='ocrx_word' id='word_1_363' title='bbox 2262 2651 2301 2708; x_wconf 89' lang='lat' dir='ltr'><strong>ita</strong></span> <span class='ocrx_word' id='word_1_364' title='bbox 2321 2669 2386 2708; x_wconf 87' lang='lat' dir='ltr'><strong>esse</strong></span> <span class='ocrx_word' id='word_1_365' title='bbox 2402 2650 2447 2708; x_wconf 84' lang='lat' dir='ltr'><strong>vel</strong></span> <span class='ocrx_word' id='word_1_366' title='bbox 2464 2651 2532 2708; x_wconf 89' lang='lat' dir='ltr'><strong>inde</strong></span> <span class='ocrx_word' id='word_1_367' title='bbox 2551 2658 2680 2725; x_wconf 86' lang='lat' dir='ltr'><strong>apparet,</strong></span> 
     </span>
     <span class='ocr_line' id='line_1_52' title="bbox 1665 2739 2678 2816; baseline 0 -20"><span class='ocrx_word' id='word_1_368' title='bbox 1665 2739 1744 2813; x_wconf 91' lang='lat' dir='ltr'><strong>quod</strong></span> <span class='ocrx_word' id='word_1_369' title='bbox 1765 2757 1864 2799; x_wconf 89' lang='lat' dir='ltr'><strong>earum</strong></span> <span class='ocrx_word' id='word_1_370' title='bbox 1884 2741 2092 2802; x_wconf 88' lang='lat' dir='ltr'><strong>sententiarum</strong></span> <span class='ocrx_word' id='word_1_371' title='bbox 2112 2743 2204 2802; x_wconf 88' lang='lat' dir='ltr'><strong>altera</strong></span> <span class='ocrx_word' id='word_1_372' title='bbox 2224 2752 2397 2802; x_wconf 87' lang='lat' dir='ltr'><strong>conservata</strong></span> <span class='ocrx_word' id='word_1_373' title='bbox 2418 2751 2463 2802; x_wconf 87' lang='lat' dir='ltr'><strong>est</strong></span> <span class='ocrx_word' id='word_1_374' title='bbox 2484 2741 2678 2816; x_wconf 79' lang='lat' dir='ltr'><strong>fragmentum</strong></span> 
     </span>
     <span class='ocr_line' id='line_1_53' title="bbox 1665 2834 2677 2912; baseline -0.001 -23"><span class='ocrx_word' id='word_1_375' title='bbox 1665 2848 1780 2890; x_wconf 90' lang='lat' dir='ltr'><strong>conexu</strong></span> <span class='ocrx_word' id='word_1_376' title='bbox 1800 2851 1910 2892; x_wconf 89' lang='lat' dir='ltr'><strong>carens.</strong></span> <span class='ocrx_word' id='word_1_377' title='bbox 1949 2835 1982 2894; x_wconf 92' lang='lat' dir='ltr'><strong>id</strong></span> <span class='ocrx_word' id='word_1_378' title='bbox 1999 2845 2098 2895; x_wconf 90' lang='lat' dir='ltr'><strong>autem</strong></span> <span class='ocrx_word' id='word_1_379' title='bbox 2115 2835 2309 2912; x_wconf 85' lang='lat' dir='ltr'><strong>Hartungiurn</strong></span> <span class='ocrx_word' id='word_1_380' title='bbox 2327 2837 2444 2894; x_wconf 92' lang='lat' dir='ltr'><strong>minime</strong></span> <span class='ocrx_word' id='word_1_381' title='bbox 2460 2834 2588 2911; x_wconf 86' lang='lat' dir='ltr'><strong>impedit,</strong></span> <span class='ocrx_word' id='word_1_382' title='bbox 2607 2852 2677 2908; x_wconf 71' lang='lat' dir='ltr'><strong>que</strong></span> 
     </span>
     <span class='ocr_line' id='line_1_54' title="bbox 1666 2924 2678 3006; baseline 0.002 -25"><span class='ocrx_word' id='word_1_383' title='bbox 1666 2924 1771 2992; x_wconf 87' lang='lat' dir='ltr'><strong>minus.</strong></span> <span class='ocrx_word' id='word_1_384' title='bbox 1794 2925 1956 3002; x_wconf 89' lang='lat' dir='ltr'><strong>quicunque</strong></span> <span class='ocrx_word' id='word_1_385' title='bbox 1980 2946 2046 2987; x_wconf 94' lang='lat' dir='ltr'><strong>cum</strong></span> <span class='ocrx_word' id='word_1_386' title='bbox 2067 2927 2267 3006; x_wconf 88' lang='lat' dir='ltr'><strong>Aristophane</strong></span> <span class='ocrx_word' id='word_1_387' title='bbox 2290 2928 2353 2988; x_wconf 87' lang='lat' dir='ltr'><strong>illas</strong></span> <span class='ocrx_word' id='word_1_388' title='bbox 2373 2947 2430 2986; x_wconf 92' lang='lat' dir='ltr'><strong>non</strong></span> <span class='ocrx_word' id='word_1_389' title='bbox 2451 2928 2577 3004; x_wconf 89' lang='lat' dir='ltr'><strong>probant</strong></span> <span class='ocrx_word' id='word_1_390' title='bbox 2598 2925 2678 2984; x_wconf 86' lang='lat' dir='ltr'><strong>Euri·</strong></span> 
     </span>
     <span class='ocr_line' id='line_1_55' title="bbox 1664 3015 2678 3096; baseline 0.011 -23"><span class='ocrx_word' id='word_1_391' title='bbox 1664 3015 1739 3091; x_wconf 89' lang='lat' dir='ltr'><strong>pidis</strong></span> <span class='ocrx_word' id='word_1_392' title='bbox 1768 3019 1939 3088; x_wconf 88' lang='lat' dir='ltr'><strong>sententias,</strong></span> <span class='ocrx_word' id='word_1_393' title='bbox 1967 3020 2093 3096; x_wconf 90' lang='lat' dir='ltr'><strong>appellet</strong></span> <span class='ocrx_word' id='word_1_394' title='bbox 2124 3021 2259 3080; x_wconf 89' lang='lat' dir='ltr'><strong>homines</strong></span> <span class='ocrx_word' id='word_1_395' title='bbox 2284 3021 2425 3080; x_wconf 83' lang='lat' dir='ltr'><strong>vecordes</strong></span> <span class='ocrx_word' id='word_1_396' title='bbox 2449 3051 2486 3064; x_wconf 93' lang='lat'>-</span> <span class='ocrx_word' id='word_1_397' title='bbox 2512 3018 2549 3077; x_wconf 89' lang='lat' dir='ltr'><strong>cl.</strong></span> <span class='ocrx_word' id='word_1_398' title='bbox 2575 3018 2591 3076; x_wconf 95' lang='grc'><strong>1.</strong></span> <span class='ocrx_word' id='word_1_399' title='bbox 2613 3019 2630 3076; x_wconf 94' lang='lat' dir='ltr'><strong>l.</strong></span> <span class='ocrx_word' id='word_1_400' title='bbox 2655 3035 2678 3086; x_wconf 77' lang='lat' dir='ltr'><strong>i,</strong></span> 
     </span>
     <span class='ocr_line' id='line_1_56' title="bbox 1664 3109 2675 3190; baseline -0.001 -23"><span class='ocrx_word' id='word_1_401' title='bbox 1664 3127 1692 3184; x_wconf 87' lang='lat' dir='ltr'><strong>p.</strong></span> <span class='ocrx_word' id='word_1_402' title='bbox 1711 3111 1769 3180; x_wconf 82' lang='lat'><strong>408</strong></span> <span class='ocrx_word' id='word_1_403' title='bbox 1789 3127 1811 3169; x_wconf 91' lang='lat' dir='ltr'><strong>s.</strong></span> <span class='ocrx_word' id='word_1_404' title='bbox 1831 3141 1870 3152; x_wconf 95' lang='lat'><em>-</em></span> <span class='ocrx_word' id='word_1_405' title='bbox 1894 3113 2069 3182; x_wconf 85' lang='lat' dir='ltr'><strong>ineruditos,</strong></span> <span class='ocrx_word' id='word_1_406' title='bbox 2097 3115 2326 3190; x_wconf 87' lang='lat' dir='ltr'><strong>superstitiosos,</strong></span> <span class='ocrx_word' id='word_1_407' title='bbox 2356 3113 2431 3172; x_wconf 85' lang='lat' dir='ltr'><strong>ieros</strong></span> <span class='ocrx_word' id='word_1_408' title='bbox 2459 3142 2494 3156; x_wconf 92' lang='lat'><strong>·-</strong></span> <span class='ocrx_word' id='word_1_409' title='bbox 2514 3110 2550 3170; x_wconf 87' lang='lat' dir='ltr'><strong>ci.</strong></span> <span class='ocrx_word' id='word_1_410' title='bbox 2576 3109 2591 3166; x_wconf 93' lang='grc' dir='ltr'><strong>Ι.</strong></span> <span class='ocrx_word' id='word_1_411' title='bbox 2614 3111 2630 3167; x_wconf 92' lang='lat' dir='ltr'><strong>l.</strong></span> <span class='ocrx_word' id='word_1_412' title='bbox 2654 3125 2675 3174; x_wconf 86' lang='lat' dir='ltr'><strong>r,</strong></span> 
     </span>
     <span class='ocr_line' id='line_1_57' title="bbox 1663 3204 2674 3284; baseline -0.005 -23"><span class='ocrx_word' id='word_1_413' title='bbox 1663 3220 1691 3279; x_wconf 88' lang='lat' dir='ltr'><strong>p.</strong></span> <span class='ocrx_word' id='word_1_414' title='bbox 1707 3216 1761 3278; x_wconf 76' lang='lat'><strong>325</strong></span> <span class='ocrx_word' id='word_1_415' title='bbox 1779 3223 1802 3261; x_wconf 90' lang='lat' dir='ltr'><strong>s.</strong></span> <span class='ocrx_word' id='word_1_416' title='bbox 1818 3204 2063 3266; x_wconf 88' lang='lat' dir='ltr'><strong>-alienissimos</strong></span> <span class='ocrx_word' id='word_1_417' title='bbox 2080 3208 2119 3267; x_wconf 87' lang='lat' dir='ltr'><strong>ab</strong></span> <span class='ocrx_word' id='word_1_418' title='bbox 2136 3208 2182 3267; x_wconf 91' lang='lat' dir='ltr'><strong>illa</strong></span> <span class='ocrx_word' id='word_1_419' title='bbox 2200 3207 2344 3284; x_wconf 80' lang='lat' dir='ltr'><strong>Euripidis</strong></span> <span class='ocrx_word' id='word_1_420' title='bbox 2361 3205 2500 3283; x_wconf 84' lang='lat' dir='ltr'><strong>sapientia</strong></span> <span class='ocrx_word' id='word_1_421' title='bbox 2516 3204 2674 3263; x_wconf 80' lang='lat' dir='ltr'><strong>christianis</strong></span> 
     </span>
     <span class='ocr_line' id='line_1_58' title="bbox 1662 3287 2675 3379; baseline 0.001 -25"><span class='ocrx_word' id='word_1_422' title='bbox 1662 3297 1943 3372; x_wconf 82' lang='lat' dir='ltr'><strong>convenientissima,</strong></span> <span class='ocrx_word' id='word_1_423' title='bbox 1961 3295 2030 3377; x_wconf 79' lang='lat' dir='ltr'><strong>‘qua</strong></span> <span class='ocrx_word' id='word_1_424' title='bbox 2051 3321 2194 3379; x_wconf 90' lang='lat' dir='ltr'><strong>personae</strong></span> <span class='ocrx_word' id='word_1_425' title='bbox 2211 3301 2382 3379; x_wconf 85' lang='lat' dir='ltr'><strong>Euripideae</strong></span> <span class='ocrx_word' id='word_1_426' title='bbox 2408 3299 2466 3359; x_wconf 87' lang='lat' dir='ltr'><strong>iere</strong></span> <span class='ocrx_word' id='word_1_427' title='bbox 2491 3287 2598 3374; x_wconf 84' lang='lat' dir='ltr'><strong>ubique</strong></span> <span class='ocrx_word' id='word_1_428' title='bbox 2624 3295 2675 3356; x_wconf 88' lang='lat' dir='ltr'><strong>ab·</strong></span> 
     </span>
     <span class='ocr_line' id='line_1_59' title="bbox 1663 3385 2741 3472; baseline 0.001 -24"><span class='ocrx_word' id='word_1_429' title='bbox 1663 3399 1780 3450; x_wconf 87' lang='lat' dir='ltr'><strong>utantur</strong></span> <span class='ocrx_word' id='word_1_430' title='bbox 1794 3393 1832 3450; x_wconf 90' lang='lat' dir='ltr'><strong>ad</strong></span> <span class='ocrx_word' id='word_1_431' title='bbox 1849 3393 1965 3453; x_wconf 85' lang='lat' dir='ltr'><strong>insidias</strong></span> <span class='ocrx_word' id='word_1_432' title='bbox 1978 3405 2008 3454; x_wconf 93' lang='lat' dir='ltr'><strong>et</strong></span> <span class='ocrx_word' id='word_1_433' title='bbox 2024 3398 2061 3454; x_wconf 89' lang='lat' dir='ltr'><strong>ad</strong></span> <span class='ocrx_word' id='word_1_434' title='bbox 2077 3405 2270 3472; x_wconf 81' lang='lat' dir='ltr'><strong>cognatomm</strong></span> <span class='ocrx_word' id='word_1_435' title='bbox 2289 3395 2452 3469; x_wconf 89' lang='lat' dir='ltr'><strong>civiumque</strong></span> <span class='ocrx_word' id='word_1_436' title='bbox 2473 3385 2672 3452; x_wconf 80' lang='lat' dir='ltr'><strong>incommoda&#39;</strong></span> <span class='ocrx_word' id='word_1_437' title='bbox 2734 3413 2741 3428; x_wconf 92' lang='lat'><strong>·</strong></span> 
     </span>
    </p>

    <p class='ocr_par' dir='ltr' id='par_1_17' title="bbox 1660 3483 2714 3849">
     <span class='ocr_line' id='line_1_60' title="bbox 1740 3483 2674 3568; baseline -0.003 -24"><span class='ocrx_word' id='word_1_438' title='bbox 1740 3483 1903 3563; x_wconf 89' lang='lat' dir='ltr'><strong>Euripidem</strong></span> <span class='ocrx_word' id='word_1_439' title='bbox 1923 3487 2043 3566; x_wconf 89' lang='lat' dir='ltr'><strong>quidem</strong></span> <span class='ocrx_word' id='word_1_440' title='bbox 2053 3488 2267 3568; x_wconf 86' lang='lat' dir='ltr'><strong>Aristophanes</strong></span> <span class='ocrx_word' id='word_1_441' title='bbox 2283 3489 2311 3548; x_wconf 94' lang='lat' dir='ltr'><strong>in</strong></span> <span class='ocrx_word' id='word_1_442' title='bbox 2327 3488 2461 3547; x_wconf 86' lang='lat' dir='ltr'><strong>omuibus</strong></span> <span class='ocrx_word' id='word_1_443' title='bbox 2479 3485 2538 3548; x_wconf 89' lang='lat' dir='ltr'><strong>lere</strong></span> <span class='ocrx_word' id='word_1_444' title='bbox 2558 3503 2674 3544; x_wconf 85' lang='lat' dir='ltr'><strong>comoe-</strong></span> 
     </span>
     <span class='ocr_line' id='line_1_61' title="bbox 1661 3576 2671 3660; baseline -0.001 -26"><span class='ocrx_word' id='word_1_445' title='bbox 1661 3576 1715 3636; x_wconf 89' lang='lat' dir='ltr'><strong>diis</strong></span> <span class='ocrx_word' id='word_1_446' title='bbox 1734 3578 1800 3655; x_wconf 90' lang='lat' dir='ltr'><strong>plus</strong></span> <span class='ocrx_word' id='word_1_447' title='bbox 1824 3581 1956 3641; x_wconf 77' lang='lat' dir='ltr'><strong>minusue</strong></span> <span class='ocrx_word' id='word_1_448' title='bbox 1979 3582 2089 3643; x_wconf 86' lang='lat' dir='ltr'><strong>lacetiis</strong></span> <span class='ocrx_word' id='word_1_449' title='bbox 2111 3585 2279 3660; x_wconf 85' lang='lat' dir='ltr'><strong>perstrinxit</strong></span> <span class='ocrx_word' id='word_1_450' title='bbox 2299 3579 2501 3642; x_wconf 87' lang='lat' dir='ltr'><strong>acerbissimis.</strong></span> <span class='ocrx_word' id='word_1_451' title='bbox 2531 3576 2671 3651; x_wconf 87' lang='lat' dir='ltr'><strong>Aeschyli</strong></span> 
     </span>
     <span class='ocr_line' id='line_1_62' title="bbox 1660 3671 2714 3756; baseline -0.001 -28"><span class='ocrx_word' id='word_1_452' title='bbox 1660 3687 1732 3729; x_wconf 83' lang='lat' dir='ltr'><strong>uero</strong></span> <span class='ocrx_word' id='word_1_453' title='bbox 1745 3674 1878 3751; x_wconf 86' lang='lat' dir='ltr'><strong>exceptis</strong></span> <span class='ocrx_word' id='word_1_454' title='bbox 1895 3674 1985 3735; x_wconf 88' lang='lat' dir='ltr'><strong>Ranis</strong></span> <span class='ocrx_word' id='word_1_455' title='bbox 2006 3678 2150 3737; x_wconf 88' lang='lat' dir='ltr'><strong>rarissime</strong></span> <span class='ocrx_word' id='word_1_456' title='bbox 2168 3679 2246 3756; x_wconf 89' lang='lat' dir='ltr'><strong>apud</strong></span> <span class='ocrx_word' id='word_1_457' title='bbox 2263 3674 2489 3754; x_wconf 88' lang='lat' dir='ltr'><strong>Aristophanem</strong></span> <span class='ocrx_word' id='word_1_458' title='bbox 2507 3672 2539 3733; x_wconf 86' lang='lat' dir='ltr'><strong>iit</strong></span> <span class='ocrx_word' id='word_1_459' title='bbox 2556 3671 2714 3738; x_wconf 63' lang='lat' dir='ltr'><strong>mentio„ae</strong></span> 
     </span>
     <span class='ocr_line' id='line_1_63' title="bbox 1661 3765 2671 3849; baseline -0.002 -25"><span class='ocrx_word' id='word_1_460' title='bbox 1661 3773 1691 3825; x_wconf 87' lang='lat' dir='ltr'><strong>et</strong></span> <span class='ocrx_word' id='word_1_461' title='bbox 1701 3766 1749 3826; x_wconf 91' lang='lat' dir='ltr'><strong>ubi</strong></span> <span class='ocrx_word' id='word_1_462' title='bbox 1764 3765 1795 3827; x_wconf 84' lang='lat' dir='ltr'><strong>fit</strong></span> <span class='ocrx_word' id='word_1_463' title='bbox 1810 3769 1847 3826; x_wconf 88' lang='lat' dir='ltr'><strong>ad</strong></span> <span class='ocrx_word' id='word_1_464' title='bbox 1860 3773 2099 3846; x_wconf 88' lang='lat' dir='ltr'><strong>cognoscendum</strong></span> <span class='ocrx_word' id='word_1_465' title='bbox 2107 3770 2313 3849; x_wconf 88' lang='lat' dir='ltr'><strong>Aristophanis</strong></span> <span class='ocrx_word' id='word_1_466' title='bbox 2326 3769 2460 3830; x_wconf 88' lang='lat' dir='ltr'><strong>iudicium</strong></span> <span class='ocrx_word' id='word_1_467' title='bbox 2473 3769 2511 3828; x_wconf 90' lang='lat' dir='ltr'><strong>dc</strong></span> <span class='ocrx_word' id='word_1_468' title='bbox 2520 3765 2671 3840; x_wconf 83' lang='lat' dir='ltr'><strong>Aeschylo</strong></span> 
     </span>
    </p>
   </div>
   <div class='ocr_carea' id='block_1_9' title="bbox 0 0 2860 4266">
    <p class='ocr_par' dir='ltr' id='par_1_18' title="bbox 0 0 2860 4266">
     <span class='ocr_line' id='line_1_64' title="bbox 0 0 2860 4266; baseline 0 7"><span class='ocrx_word' id='word_1_469' title='bbox 0 0 2860 4266; x_wconf 95' lang='lat' dir='ltr'><strong> </strong></span> 
     </span>
    </p>
   </div>
  </div>
 </body>
</html>
