<?xml version="1.0" encoding="UTF-8"?>
<!DOCTYPE html PUBLIC "-//W3C//DTD XHTML 1.0 Transitional//EN"
    "http://www.w3.org/TR/xhtml1/DTD/xhtml1-transitional.dtd">
<html xmlns="http://www.w3.org/1999/xhtml" xml:lang="en" lang="en">
 <head>
  <title>
</title>
<meta http-equiv="Content-Type" content="text/html;charset=utf-8" />
  <meta name='ocr-system' content='tesseract 3.04.00' />
  <meta name='ocr-capabilities' content='ocr_page ocr_carea ocr_par ocr_line ocrx_word'/>
</head>
<body>
  <div class='ocr_page' id='page_1' title='image "aristophanisdea00henngoog_0022.png"; bbox 0 0 5710 4266; ppageno 0'>
   <div class='ocr_carea' id='block_1_1' title="bbox 598 349 808 390">
    <p class='ocr_par' dir='ltr' id='par_1_1' title="bbox 598 349 808 390">
     <span class='ocr_line' id='line_1_1' title="bbox 598 349 808 390; baseline 0.005 -25"><span class='ocrx_word' id='word_1_1' title='bbox 598 359 601 365; x_wconf 88' lang='lat'><em>.</em></span> <span class='ocrx_word' id='word_1_2' title='bbox 638 367 675 378; x_wconf 83' lang='lat'><em>-</em></span> <span class='ocrx_word' id='word_1_3' title='bbox 715 349 731 390; x_wconf 70' lang='lat'><em>2</em></span> <span class='ocrx_word' id='word_1_4' title='bbox 773 365 808 376; x_wconf 76' lang='lat'><em>-</em></span> 
     </span>
    </p>
   </div>
   <div class='ocr_carea' id='block_1_2' title="bbox 297 481 1149 566">
    <p class='ocr_par' dir='ltr' id='par_1_2' title="bbox 297 481 1149 566">
     <span class='ocr_line' id='line_1_2' title="bbox 297 481 1149 566; baseline 0.005 -20"><span class='ocrx_word' id='word_1_5' title='bbox 297 485 324 546; x_wconf 84' lang='lat' dir='ltr'><strong>ri</strong></span> <span class='ocrx_word' id='word_1_6' title='bbox 343 487 377 548; x_wconf 80' lang='lat' dir='ltr'><strong>di·</strong></span> <span class='ocrx_word' id='word_1_7' title='bbox 398 491 493 547; x_wconf 85' lang='grc' dir='ltr'><strong><em>τοῦτο</em></strong></span> <span class='ocrx_word' id='word_1_8' title='bbox 514 492 770 561; x_wconf 72' lang='lat' dir='ltr'><strong>xnrrryrrllelollou,</strong></span> <span class='ocrx_word' id='word_1_9' title='bbox 788 483 829 562; x_wconf 67' lang='grc' dir='ltr'><strong>μή</strong></span> <span class='ocrx_word' id='word_1_10' title='bbox 849 505 896 556; x_wconf 80' lang='grc' dir='ltr'><strong>τις</strong></span> <span class='ocrx_word' id='word_1_11' title='bbox 914 481 1032 563; x_wconf 73' lang='lat' dir='ltr'><strong>riyruhln</strong></span> <span class='ocrx_word' id='word_1_12' title='bbox 1050 493 1149 566; x_wconf 64' lang='lat' dir='ltr'><strong>apocr]</strong></span> 
     </span>
    </p>
   </div>
   <div class='ocr_carea' id='block_1_3' title="bbox 294 574 1171 1022">
    <p class='ocr_par' dir='ltr' id='par_1_3' title="bbox 405 574 809 656">
     <span class='ocr_line' id='line_1_3' title="bbox 405 574 809 656; baseline -0.007 -18"><span class='ocrx_word' id='word_1_13' title='bbox 405 587 471 649; x_wconf 72' lang='grc' dir='ltr'><strong><em>τοῖς</em></strong></span> <span class='ocrx_word' id='word_1_14' title='bbox 486 578 689 656; x_wconf 69' lang='grc' dir='ltr'><strong>θεωμένοισιν</strong></span> <span class='ocrx_word' id='word_1_15' title='bbox 707 574 750 647; x_wconf 84' lang='grc' dir='ltr'><strong>ὡς</strong></span> <span class='ocrx_word' id='word_1_16' title='bbox 770 575 809 636; x_wconf 82' lang='lat' dir='ltr'><strong>rri</strong></span> 
     </span>
    </p>

    <p class='ocr_par' dir='ltr' id='par_1_4' title="bbox 300 667 871 748">
     <span class='ocr_line' id='line_1_4' title="bbox 300 667 871 748; baseline -0.002 -18"><span class='ocrx_word' id='word_1_17' title='bbox 300 705 305 718; x_wconf 89' lang='lat'>·</span> <span class='ocrx_word' id='word_1_18' title='bbox 403 667 499 730; x_wconf 75' lang='lat' dir='ltr'><strong>isarel</strong></span> <span class='ocrx_word' id='word_1_19' title='bbox 513 667 553 748; x_wconf 71' lang='grc' dir='ltr'><strong>μὴ</strong></span> <span class='ocrx_word' id='word_1_20' title='bbox 569 669 683 747; x_wconf 75' lang='grc' dir='ltr'>γνῶναι</span> <span class='ocrx_word' id='word_1_21' title='bbox 703 667 871 746; x_wconf 68' lang='grc' dir='ltr'><strong>λεγόντοιν,</strong></span> 
     </span>
    </p>

    <p class='ocr_par' dir='ltr' id='par_1_5' title="bbox 295 753 1171 931">
     <span class='ocr_line' id='line_1_5' title="bbox 295 753 1171 840; baseline 0 -18"><span class='ocrx_word' id='word_1_22' title='bbox 295 761 391 840; x_wconf 74' lang='grc' dir='ltr'><em>μηδὲν</em></span> <span class='ocrx_word' id='word_1_23' title='bbox 411 755 576 838; x_wconf 58' lang='lat' dir='ltr'><strong>&amp;geometra</strong></span> <span class='ocrx_word' id='word_1_24' title='bbox 597 753 697 820; x_wconf 71' lang='grc' dir='ltr'><strong><em>τοῦθ’·</em></strong></span> <span class='ocrx_word' id='word_1_25' title='bbox 717 757 760 830; x_wconf 83' lang='grc' dir='ltr'><strong>ὡς</strong></span> <span class='ocrx_word' id='word_1_26' title='bbox 775 755 833 820; x_wconf 74' lang='lat' dir='ltr'><strong>oris</strong></span> <span class='ocrx_word' id='word_1_27' title='bbox 852 755 898 820; x_wconf 74' lang='grc' dir='ltr'><strong>ἔθ’</strong></span> <span class='ocrx_word' id='word_1_28' title='bbox 910 754 995 822; x_wconf 70' lang='grc' dir='ltr'><strong>οὕτω</strong></span> <span class='ocrx_word' id='word_1_29' title='bbox 1015 758 1099 822; x_wconf 79' lang='grc' dir='ltr'>ταῦτ’</span> <span class='ocrx_word' id='word_1_30' title='bbox 1110 761 1171 840; x_wconf 73' lang='grc' dir='ltr'><strong>ἔχει</strong></span> 
     </span>
     <span class='ocr_line' id='line_1_6' title="bbox 402 849 785 931; baseline -0.003 -18"><span class='ocrx_word' id='word_1_31' title='bbox 402 851 631 930; x_wconf 69' lang='grc' dir='ltr'><strong><em>ἐστρατευμένοι</em></strong></span> <span class='ocrx_word' id='word_1_32' title='bbox 651 849 708 931; x_wconf 74' lang='grc' dir='ltr'><strong>γάρ</strong></span> <span class='ocrx_word' id='word_1_33' title='bbox 729 851 785 914; x_wconf 79' lang='lat' dir='ltr'><strong>rior</strong></span> 
     </span>
    </p>

    <p class='ocr_par' dir='ltr' id='par_1_6' title="bbox 294 939 1026 1022">
     <span class='ocr_line' id='line_1_7' title="bbox 294 939 1026 1022; baseline 0.005 -18"><span class='ocrx_word' id='word_1_34' title='bbox 294 945 414 1018; x_wconf 67' lang='lat' dir='ltr'><strong>aarum</strong></span> <span class='ocrx_word' id='word_1_35' title='bbox 432 939 458 1003; x_wconf 83' lang='grc' dir='ltr'><strong>τ’</strong></span> <span class='ocrx_word' id='word_1_36' title='bbox 468 941 546 1020; x_wconf 71' lang='grc' dir='ltr'><strong>ἔχων</strong></span> <span class='ocrx_word' id='word_1_37' title='bbox 561 941 687 1013; x_wconf 65' lang='grc' dir='ltr'><strong>ἔκαστος</strong></span> <span class='ocrx_word' id='word_1_38' title='bbox 705 941 856 1022; x_wconf 63' lang='grc' dir='ltr'><strong>μανθάνει</strong></span> <span class='ocrx_word' id='word_1_39' title='bbox 876 943 915 1004; x_wconf 81' lang='lat' dir='ltr'><strong>eri</strong></span> <span class='ocrx_word' id='word_1_40' title='bbox 935 943 1026 1018; x_wconf 75' lang='grc' dir='ltr'><strong><em>δεξιά.</em></strong></span> 
     </span>
    </p>
   </div>
   <div class='ocr_carea' id='block_1_4' title="bbox 295 1035 1315 1128">
    <p class='ocr_par' dir='ltr' id='par_1_7' title="bbox 295 1035 1315 1128">
     <span class='ocr_line' id='line_1_8' title="bbox 295 1035 1315 1128; baseline 0 -31"><span class='ocrx_word' id='word_1_41' title='bbox 295 1035 431 1097; x_wconf 81' lang='lat' dir='ltr'><strong>Comicrrs</strong></span> <span class='ocrx_word' id='word_1_42' title='bbox 460 1036 579 1114; x_wconf 88' lang='lat' dir='ltr'><strong>quidem</strong></span> <span class='ocrx_word' id='word_1_43' title='bbox 607 1038 838 1114; x_wconf 79' lang='lat' dir='ltr'><strong>ingeniosissime</strong></span> <span class='ocrx_word' id='word_1_44' title='bbox 863 1039 977 1114; x_wconf 88' lang='lat' dir='ltr'><strong>utrique</strong></span> <span class='ocrx_word' id='word_1_45' title='bbox 1001 1040 1102 1099; x_wconf 90' lang='lat' dir='ltr'><strong>rationi</strong></span> <span class='ocrx_word' id='word_1_46' title='bbox 1125 1058 1229 1098; x_wconf 89' lang='lat' dir='ltr'><strong>consu·</strong></span> <span class='ocrx_word' id='word_1_47' title='bbox 1312 1119 1315 1128; x_wconf 88' lang='lat'><strong>.</strong></span> 
     </span>
    </p>
   </div>
   <div class='ocr_carea' id='block_1_5' title="bbox 198 1130 1228 2799">
    <p class='ocr_par' dir='ltr' id='par_1_8' title="bbox 206 1130 1228 1862">
     <span class='ocr_line' id='line_1_9' title="bbox 217 1130 1228 1209; baseline 0.003 -21"><span class='ocrx_word' id='word_1_48' title='bbox 217 1131 296 1190; x_wconf 86' lang='lat' dir='ltr'><strong>lebat</strong></span> <span class='ocrx_word' id='word_1_49' title='bbox 316 1130 357 1190; x_wconf 91' lang='lat' dir='ltr'><strong>ob</strong></span> <span class='ocrx_word' id='word_1_50' title='bbox 373 1149 497 1208; x_wconf 89' lang='lat' dir='ltr'><strong>eamque</strong></span> <span class='ocrx_word' id='word_1_51' title='bbox 517 1149 579 1190; x_wconf 88' lang='lat' dir='ltr'><strong>rem</strong></span> <span class='ocrx_word' id='word_1_52' title='bbox 599 1134 712 1208; x_wconf 88' lang='lat' dir='ltr'><strong>accepit</strong></span> <span class='ocrx_word' id='word_1_53' title='bbox 732 1131 869 1208; x_wconf 85' lang='lat' dir='ltr'><strong>palmam.</strong></span> <span class='ocrx_word' id='word_1_54' title='bbox 908 1132 953 1191; x_wconf 93' lang='lat' dir='ltr'><strong>At</strong></span> <span class='ocrx_word' id='word_1_55' title='bbox 972 1151 1032 1209; x_wconf 91' lang='lat' dir='ltr'><strong>quo</strong></span> <span class='ocrx_word' id='word_1_56' title='bbox 1052 1133 1228 1208; x_wconf 81' lang='lat' dir='ltr'><strong>ingeniosius</strong></span> 
     </span>
     <span class='ocr_line' id='line_1_10' title="bbox 215 1223 1228 1294; baseline 0.003 -14"><span class='ocrx_word' id='word_1_57' title='bbox 215 1223 264 1283; x_wconf 91' lang='lat' dir='ltr'><strong>ille</strong></span> <span class='ocrx_word' id='word_1_58' title='bbox 283 1241 329 1282; x_wconf 89' lang='lat' dir='ltr'><strong>res</strong></span> <span class='ocrx_word' id='word_1_59' title='bbox 349 1223 478 1283; x_wconf 83' lang='lat' dir='ltr'><strong>diversas</strong></span> <span class='ocrx_word' id='word_1_60' title='bbox 497 1224 654 1294; x_wconf 85' lang='lat' dir='ltr'><strong>coniunxit,</strong></span> <span class='ocrx_word' id='word_1_61' title='bbox 674 1243 711 1282; x_wconf 93' lang='lat' dir='ltr'><strong>eo</strong></span> <span class='ocrx_word' id='word_1_62' title='bbox 730 1223 871 1283; x_wconf 78' lang='lat' dir='ltr'><strong>difficilius</strong></span> <span class='ocrx_word' id='word_1_63' title='bbox 891 1226 974 1284; x_wconf 93' lang='lat' dir='ltr'><strong>nobis</strong></span> <span class='ocrx_word' id='word_1_64' title='bbox 994 1234 1039 1284; x_wconf 88' lang='lat' dir='ltr'><strong>est</strong></span> <span class='ocrx_word' id='word_1_65' title='bbox 1059 1227 1157 1285; x_wconf 86' lang='lat' dir='ltr'><strong>denuo</strong></span> <span class='ocrx_word' id='word_1_66' title='bbox 1178 1245 1228 1286; x_wconf 87' lang='lat' dir='ltr'><strong>eas</strong></span> 
     </span>
     <span class='ocr_line' id='line_1_11' title="bbox 216 1312 1227 1394; baseline 0.001 -20"><span class='ocrx_word' id='word_1_67' title='bbox 216 1332 368 1374; x_wconf 82' lang='lat' dir='ltr'><strong>secernere</strong></span> <span class='ocrx_word' id='word_1_68' title='bbox 387 1321 417 1374; x_wconf 92' lang='lat' dir='ltr'><strong>et</strong></span> <span class='ocrx_word' id='word_1_69' title='bbox 434 1312 641 1392; x_wconf 87' lang='lat' dir='ltr'><strong>Aristophanis</strong></span> <span class='ocrx_word' id='word_1_70' title='bbox 661 1316 698 1374; x_wconf 88' lang='lat' dir='ltr'><strong>de</strong></span> <span class='ocrx_word' id='word_1_71' title='bbox 718 1317 834 1392; x_wconf 79' lang='lat' dir='ltr'><strong>tragicis</strong></span> <span class='ocrx_word' id='word_1_72' title='bbox 854 1317 958 1376; x_wconf 87' lang='lat' dir='ltr'><strong>iudicia</strong></span> <span class='ocrx_word' id='word_1_73' title='bbox 976 1319 1015 1378; x_wconf 90' lang='lat' dir='ltr'><strong>ad</strong></span> <span class='ocrx_word' id='word_1_74' title='bbox 1031 1326 1124 1376; x_wconf 87' lang='lat' dir='ltr'><strong>artem</strong></span> <span class='ocrx_word' id='word_1_75' title='bbox 1145 1335 1227 1394; x_wconf 87' lang='lat' dir='ltr'><strong>prae-</strong></span> 
     </span>
     <span class='ocr_line' id='line_1_12' title="bbox 215 1405 1226 1489; baseline 0.001 -21"><span class='ocrx_word' id='word_1_76' title='bbox 215 1417 360 1487; x_wconf 85' lang='lat' dir='ltr'><strong>ceptaque</strong></span> <span class='ocrx_word' id='word_1_77' title='bbox 390 1427 534 1470; x_wconf 75' lang='lat' dir='ltr'><strong>revocare.</strong></span> <span class='ocrx_word' id='word_1_78' title='bbox 574 1405 617 1469; x_wconf 86' lang='lat' dir='ltr'><strong>ct.</strong></span> <span class='ocrx_word' id='word_1_79' title='bbox 646 1407 791 1470; x_wconf 88' lang='lat' dir='ltr'><strong>Welclreri</strong></span> <span class='ocrx_word' id='word_1_80' title='bbox 820 1408 973 1489; x_wconf 79' lang='lat' dir='ltr'><strong>Aristoplu</strong></span> <span class='ocrx_word' id='word_1_81' title='bbox 1001 1409 1073 1470; x_wconf 88' lang='lat' dir='ltr'><strong>Rau.</strong></span> <span class='ocrx_word' id='word_1_82' title='bbox 1100 1429 1127 1489; x_wconf 90' lang='lat' dir='ltr'><strong>p.</strong></span> <span class='ocrx_word' id='word_1_83' title='bbox 1156 1423 1226 1487; x_wconf 80' lang='lat'>245:</span> 
     </span>
     <span class='ocr_line' id='line_1_13' title="bbox 212 1502 1228 1584; baseline 0.002 -21"><span class='ocrx_word' id='word_1_84' title='bbox 212 1502 276 1564; x_wconf 85' lang='lat' dir='ltr'><strong>&#39;lch</strong></span> <span class='ocrx_word' id='word_1_85' title='bbox 296 1523 380 1582; x_wconf 87' lang='lat' dir='ltr'><strong>wage</strong></span> <span class='ocrx_word' id='word_1_86' title='bbox 396 1525 428 1565; x_wconf 89' lang='lat' dir='ltr'><strong>es</strong></span> <span class='ocrx_word' id='word_1_87' title='bbox 448 1503 534 1576; x_wconf 78' lang='lat' dir='ltr'><strong>nieht,</strong></span> <span class='ocrx_word' id='word_1_88' title='bbox 555 1504 602 1565; x_wconf 89' lang='lat' dir='ltr'><strong>die</strong></span> <span class='ocrx_word' id='word_1_89' title='bbox 621 1504 770 1566; x_wconf 86' lang='lat' dir='ltr'><strong>ansichten</strong></span> <span class='ocrx_word' id='word_1_90' title='bbox 790 1507 844 1567; x_wconf 87' lang='lat' dir='ltr'><strong>des</strong></span> <span class='ocrx_word' id='word_1_91' title='bbox 863 1505 1078 1584; x_wconf 80' lang='lat' dir='ltr'><strong>Aristophanes</strong></span> <span class='ocrx_word' id='word_1_92' title='bbox 1097 1525 1154 1567; x_wconf 88' lang='lat' dir='ltr'><strong>von</strong></span> <span class='ocrx_word' id='word_1_93' title='bbox 1175 1507 1228 1566; x_wconf 86' lang='lat' dir='ltr'><strong>der</strong></span> 
     </span>
     <span class='ocr_line' id='line_1_14' title="bbox 216 1597 1228 1678; baseline 0.001 -20"><span class='ocrx_word' id='word_1_94' title='bbox 216 1599 383 1678; x_wconf 80' lang='lat' dir='ltr'><strong>tragisclten</strong></span> <span class='ocrx_word' id='word_1_95' title='bbox 410 1599 496 1660; x_wconf 80' lang='lat' dir='ltr'><strong>kunst</strong></span> <span class='ocrx_word' id='word_1_96' title='bbox 520 1601 548 1658; x_wconf 92' lang='lat' dir='ltr'><strong>in</strong></span> <span class='ocrx_word' id='word_1_97' title='bbox 572 1597 670 1660; x_wconf 86' lang='lat' dir='ltr'><strong>klaren</strong></span> <span class='ocrx_word' id='word_1_98' title='bbox 694 1609 805 1661; x_wconf 82' lang='lat' dir='ltr'><strong>werten</strong></span> <span class='ocrx_word' id='word_1_99' title='bbox 829 1619 863 1660; x_wconf 87' lang='lat' dir='ltr'><strong>zu</strong></span> <span class='ocrx_word' id='word_1_100' title='bbox 884 1600 1069 1672; x_wconf 85' lang='lat' dir='ltr'><strong>entwiclreln‚</strong></span> <span class='ocrx_word' id='word_1_101' title='bbox 1096 1621 1147 1660; x_wconf 86' lang='lat' dir='ltr'><strong>aus</strong></span> <span class='ocrx_word' id='word_1_102' title='bbox 1175 1602 1228 1660; x_wconf 92' lang='lat' dir='ltr'><strong>der</strong></span> 
     </span>
     <span class='ocr_line' id='line_1_15' title="bbox 206 1693 1228 1770; baseline 0.001 -19"><span class='ocrx_word' id='word_1_103' title='bbox 206 1694 394 1768; x_wconf 81' lang='lat' dir='ltr'><strong>,verwirrung</strong></span> <span class='ocrx_word' id='word_1_104' title='bbox 414 1694 466 1752; x_wconf 80' lang='lat' dir='ltr'><strong>des</strong></span> <span class='ocrx_word' id='word_1_105' title='bbox 486 1693 618 1752; x_wconf 74' lang='lat' dir='ltr'><strong>seirenes</strong></span> <span class='ocrx_word' id='word_1_106' title='bbox 638 1711 672 1752; x_wconf 86' lang='lat' dir='ltr'><strong>zu</strong></span> <span class='ocrx_word' id='word_1_107' title='bbox 690 1694 921 1769; x_wconf 86' lang='lat' dir='ltr'><strong>systematisiren</strong></span> <span class='ocrx_word' id='word_1_108' title='bbox 937 1695 996 1753; x_wconf 90' lang='lat' dir='ltr'><strong>und</strong></span> <span class='ocrx_word' id='word_1_109' title='bbox 1017 1712 1068 1752; x_wconf 90' lang='lat' dir='ltr'><strong>aus</strong></span> <span class='ocrx_word' id='word_1_110' title='bbox 1089 1696 1156 1752; x_wconf 88' lang='lat' dir='ltr'><strong>dem</strong></span> <span class='ocrx_word' id='word_1_111' title='bbox 1177 1713 1228 1770; x_wconf 87' lang='lat' dir='ltr'><strong>ge·</strong></span> 
     </span>
     <span class='ocr_line' id='line_1_16' title="bbox 213 1781 943 1862; baseline -0.001 -16"><span class='ocrx_word' id='word_1_112' title='bbox 213 1785 350 1862; x_wconf 87' lang='lat' dir='ltr'><strong>gebenen</strong></span> <span class='ocrx_word' id='word_1_113' title='bbox 370 1784 577 1862; x_wconf 90' lang='lat' dir='ltr'><strong>hypothetisch</strong></span> <span class='ocrx_word' id='word_1_114' title='bbox 598 1804 632 1844; x_wconf 84' lang='lat' dir='ltr'><strong>zu</strong></span> <span class='ocrx_word' id='word_1_115' title='bbox 649 1791 790 1862; x_wconf 80' lang='lat' dir='ltr'><strong>ergiinzen</strong></span> <span class='ocrx_word' id='word_1_116' title='bbox 811 1805 837 1848; x_wconf 89' lang='lat' dir='ltr'><strong>u.</strong></span> <span class='ocrx_word' id='word_1_117' title='bbox 859 1805 881 1848; x_wconf 86' lang='lat' dir='ltr'><strong>s.</strong></span> <span class='ocrx_word' id='word_1_118' title='bbox 901 1781 943 1845; x_wconf 66' lang='lat' dir='ltr'><strong>w?</strong></span> 
     </span>
    </p>

    <p class='ocr_par' dir='ltr' id='par_1_9' title="bbox 198 1876 1227 2331">
     <span class='ocr_line' id='line_1_17' title="bbox 292 1876 1225 1956; baseline 0.004 -19"><span class='ocrx_word' id='word_1_119' title='bbox 292 1876 436 1938; x_wconf 77' lang='lat' dir='ltr'><strong>Attamen</strong></span> <span class='ocrx_word' id='word_1_120' title='bbox 457 1877 597 1956; x_wconf 86' lang='lat' dir='ltr'><strong>philologi</strong></span> <span class='ocrx_word' id='word_1_121' title='bbox 618 1888 784 1956; x_wconf 90' lang='lat' dir='ltr'><strong>temporum</strong></span> <span class='ocrx_word' id='word_1_122' title='bbox 806 1882 997 1940; x_wconf 82' lang='lat' dir='ltr'><strong>recentiorum</strong></span> <span class='ocrx_word' id='word_1_123' title='bbox 1017 1899 1083 1942; x_wconf 89' lang='lat' dir='ltr'><strong>eam</strong></span> <span class='ocrx_word' id='word_1_124' title='bbox 1105 1880 1225 1941; x_wconf 77' lang='lat' dir='ltr'><strong>difficul-</strong></span> 
     </span>
     <span class='ocr_line' id='line_1_18' title="bbox 214 1971 1226 2052; baseline 0.006 -23"><span class='ocrx_word' id='word_1_125' title='bbox 214 1978 307 2030; x_wconf 80' lang='lat' dir='ltr'><strong>tatem</strong></span> <span class='ocrx_word' id='word_1_126' title='bbox 332 1971 449 2030; x_wconf 87' lang='lat' dir='ltr'><strong>minime</strong></span> <span class='ocrx_word' id='word_1_127' title='bbox 473 1971 683 2031; x_wconf 74' lang='lat' dir='ltr'><strong>extimuerunt:</strong></span> <span class='ocrx_word' id='word_1_128' title='bbox 711 1973 846 2049; x_wconf 82' lang='lat' dir='ltr'><strong>permulti</strong></span> <span class='ocrx_word' id='word_1_129' title='bbox 874 1975 912 2033; x_wconf 91' lang='lat' dir='ltr'><strong>de</strong></span> <span class='ocrx_word' id='word_1_130' title='bbox 939 1976 1042 2035; x_wconf 91' lang='lat' dir='ltr'><strong>eadem</strong></span> <span class='ocrx_word' id='word_1_131' title='bbox 1070 1995 1101 2035; x_wconf 88' lang='lat' dir='ltr'><strong>re</strong></span> <span class='ocrx_word' id='word_1_132' title='bbox 1127 1977 1226 2052; x_wconf 91' lang='lat' dir='ltr'><strong>scripti</strong></span> 
     </span>
     <span class='ocr_line' id='line_1_19' title="bbox 198 2063 1225 2142; baseline 0.004 -20"><span class='ocrx_word' id='word_1_133' title='bbox 198 2073 282 2124; x_wconf 85' lang='lat' dir='ltr'><strong>-sunt</strong></span> <span class='ocrx_word' id='word_1_134' title='bbox 302 2063 399 2134; x_wconf 87' lang='lat' dir='ltr'><strong>libelli,</strong></span> <span class='ocrx_word' id='word_1_135' title='bbox 418 2082 542 2142; x_wconf 88' lang='lat' dir='ltr'><strong>quorum</strong></span> <span class='ocrx_word' id='word_1_136' title='bbox 562 2083 601 2124; x_wconf 89' lang='lat' dir='ltr'><strong>ex</strong></span> <span class='ocrx_word' id='word_1_137' title='bbox 621 2083 743 2125; x_wconf 90' lang='lat' dir='ltr'><strong>numero</strong></span> <span class='ocrx_word' id='word_1_138' title='bbox 763 2065 881 2125; x_wconf 89' lang='lat' dir='ltr'><strong>nomino</strong></span> <span class='ocrx_word' id='word_1_139' title='bbox 896 2067 1014 2142; x_wconf 85' lang='lat' dir='ltr'><strong>Joannis</strong></span> <span class='ocrx_word' id='word_1_140' title='bbox 1030 2067 1148 2128; x_wconf 86' lang='lat' dir='ltr'><strong>Petersii</strong></span> <span class='ocrx_word' id='word_1_141' title='bbox 1169 2069 1225 2127; x_wconf 89' lang='lat' dir='ltr'><strong>dis·</strong></span> 
     </span>
     <span class='ocr_line' id='line_1_20' title="bbox 215 2159 1227 2236; baseline 0.002 -18"><span class='ocrx_word' id='word_1_142' title='bbox 215 2159 421 2228; x_wconf 84' lang='lat' dir='ltr'><strong>sertationem.</strong></span> <span class='ocrx_word' id='word_1_143' title='bbox 456 2176 530 2235; x_wconf 86' lang='lat' dir='ltr'><strong>quae</strong></span> <span class='ocrx_word' id='word_1_144' title='bbox 566 2159 743 2218; x_wconf 68' lang='lat' dir='ltr'><strong>inscribitur:</strong></span> <span class='ocrx_word' id='word_1_145' title='bbox 775 2160 981 2236; x_wconf 85' lang='lat' dir='ltr'><strong>Aristophanis</strong></span> <span class='ocrx_word' id='word_1_146' title='bbox 1018 2162 1152 2220; x_wconf 90' lang='lat' dir='ltr'><strong>iudicium</strong></span> <span class='ocrx_word' id='word_1_147' title='bbox 1189 2161 1227 2220; x_wconf 92' lang='lat' dir='ltr'><strong>de</strong></span> 
     </span>
     <span class='ocr_line' id='line_1_21' title="bbox 215 2251 1168 2331; baseline 0.009 -24"><span class='ocrx_word' id='word_1_148' title='bbox 215 2251 337 2308; x_wconf 89' lang='lat' dir='ltr'><strong>summis</strong></span> <span class='ocrx_word' id='word_1_149' title='bbox 357 2268 427 2309; x_wconf 89' lang='lat' dir='ltr'><strong>suae</strong></span> <span class='ocrx_word' id='word_1_150' title='bbox 443 2252 546 2310; x_wconf 89' lang='lat' dir='ltr'><strong>aetatis</strong></span> <span class='ocrx_word' id='word_1_151' title='bbox 567 2254 692 2326; x_wconf 81' lang='lat' dir='ltr'><strong>tragicis,</strong></span> <span class='ocrx_word' id='word_1_152' title='bbox 714 2253 881 2312; x_wconf 87' lang='lat' dir='ltr'><strong>Monasterii</strong></span> <span class='ocrx_word' id='word_1_153' title='bbox 906 2256 985 2326; x_wconf 82' lang='lat'><strong>1858.</strong></span> <span class='ocrx_word' id='word_1_154' title='bbox 1006 2259 1032 2312; x_wconf 83' lang='lat' dir='ltr'><strong>s.</strong></span> <span class='ocrx_word' id='word_1_155' title='bbox 1054 2275 1102 2331; x_wconf 91' lang='lat' dir='ltr'><strong>pp.</strong></span> <span class='ocrx_word' id='word_1_156' title='bbox 1122 2271 1168 2330; x_wconf 83' lang='lat'><strong>77.</strong></span> 
     </span>
    </p>

    <p class='ocr_par' dir='ltr' id='par_1_10' title="bbox 215 2342 1228 2799">
     <span class='ocr_line' id='line_1_22' title="bbox 293 2342 1227 2424; baseline 0.004 -22"><span class='ocrx_word' id='word_1_157' title='bbox 293 2342 351 2421; x_wconf 82' lang='lat' dir='ltr'><strong>Qui</strong></span> <span class='ocrx_word' id='word_1_158' title='bbox 372 2351 470 2404; x_wconf 85' lang='lat' dir='ltr'><strong>tamen</strong></span> <span class='ocrx_word' id='word_1_159' title='bbox 495 2342 559 2404; x_wconf 91' lang='lat' dir='ltr'><strong>libri</strong></span> <span class='ocrx_word' id='word_1_160' title='bbox 579 2363 682 2404; x_wconf 88' lang='lat' dir='ltr'><strong>omnes</strong></span> <span class='ocrx_word' id='word_1_161' title='bbox 708 2344 766 2406; x_wconf 87' lang='lat' dir='ltr'><strong>lere</strong></span> <span class='ocrx_word' id='word_1_162' title='bbox 787 2354 912 2406; x_wconf 88' lang='lat' dir='ltr'><strong>tractant</strong></span> <span class='ocrx_word' id='word_1_163' title='bbox 931 2349 1085 2424; x_wconf 82' lang='lat' dir='ltr'><strong>praecipue</strong></span> <span class='ocrx_word' id='word_1_164' title='bbox 1112 2349 1151 2408; x_wconf 90' lang='lat' dir='ltr'><strong>de</strong></span> <span class='ocrx_word' id='word_1_165' title='bbox 1170 2347 1227 2406; x_wconf 80' lang='lat' dir='ltr'><strong>Eu·</strong></span> 
     </span>
     <span class='ocr_line' id='line_1_23' title="bbox 216 2437 1227 2520; baseline 0.004 -23"><span class='ocrx_word' id='word_1_166' title='bbox 216 2439 315 2514; x_wconf 86' lang='lat' dir='ltr'><strong>ripidis</strong></span> <span class='ocrx_word' id='word_1_167' title='bbox 332 2441 414 2515; x_wconf 89' lang='lat' dir='ltr'><strong>poesi</strong></span> <span class='ocrx_word' id='word_1_168' title='bbox 431 2439 565 2500; x_wconf 81' lang='lat' dir='ltr'><strong>iudicium</strong></span> <span class='ocrx_word' id='word_1_169' title='bbox 582 2437 800 2518; x_wconf 86' lang='lat' dir='ltr'><strong>Aristophanis.</strong></span> <span class='ocrx_word' id='word_1_170' title='bbox 829 2441 948 2501; x_wconf 88' lang='lat' dir='ltr'><strong>Nullum</strong></span> <span class='ocrx_word' id='word_1_171' title='bbox 965 2443 1078 2520; x_wconf 86' lang='lat' dir='ltr'><strong>repperi</strong></span> <span class='ocrx_word' id='word_1_172' title='bbox 1091 2443 1227 2511; x_wconf 80' lang='lat' dir='ltr'><strong>libellum,</strong></span> 
     </span>
     <span class='ocr_line' id='line_1_24' title="bbox 216 2531 1227 2611; baseline 0.003 -22"><span class='ocrx_word' id='word_1_173' title='bbox 216 2531 265 2608; x_wconf 90' lang='lat' dir='ltr'><strong>qui</strong></span> <span class='ocrx_word' id='word_1_174' title='bbox 285 2531 469 2607; x_wconf 90' lang='lat' dir='ltr'><strong>potissimum</strong></span> <span class='ocrx_word' id='word_1_175' title='bbox 490 2550 557 2590; x_wconf 90' lang='lat' dir='ltr'><strong>eum</strong></span> <span class='ocrx_word' id='word_1_176' title='bbox 578 2531 673 2592; x_wconf 89' lang='lat' dir='ltr'><strong>locum</strong></span> <span class='ocrx_word' id='word_1_177' title='bbox 690 2541 835 2604; x_wconf 77' lang='lat' dir='ltr'><strong>tractaret,</strong></span> <span class='ocrx_word' id='word_1_178' title='bbox 855 2552 997 2611; x_wconf 86' lang='lat' dir='ltr'><strong>quaenam</strong></span> <span class='ocrx_word' id='word_1_179' title='bbox 1015 2533 1227 2611; x_wconf 88' lang='lat' dir='ltr'><strong>Aristophanes</strong></span> 
     </span>
     <span class='ocr_line' id='line_1_25' title="bbox 215 2622 1227 2705; baseline 0.003 -22"><span class='ocrx_word' id='word_1_180' title='bbox 215 2626 255 2684; x_wconf 85' lang='lat' dir='ltr'><strong>de</strong></span> <span class='ocrx_word' id='word_1_181' title='bbox 278 2622 418 2701; x_wconf 88' lang='lat' dir='ltr'><strong>Aeschyli</strong></span> <span class='ocrx_word' id='word_1_182' title='bbox 443 2627 525 2701; x_wconf 89' lang='lat' dir='ltr'><strong>poesi</strong></span> <span class='ocrx_word' id='word_1_183' title='bbox 552 2625 667 2685; x_wconf 89' lang='lat' dir='ltr'><strong>lecisset</strong></span> <span class='ocrx_word' id='word_1_184' title='bbox 693 2627 803 2688; x_wconf 87' lang='lat' dir='ltr'><strong>iudicia.</strong></span> <span class='ocrx_word' id='word_1_185' title='bbox 843 2627 960 2704; x_wconf 83' lang='lat' dir='ltr'><strong>Operae</strong></span> <span class='ocrx_word' id='word_1_186' title='bbox 984 2637 1081 2688; x_wconf 87' lang='lat' dir='ltr'><strong>autern</strong></span> <span class='ocrx_word' id='word_1_187' title='bbox 1102 2629 1227 2705; x_wconf 89' lang='lat' dir='ltr'><strong>pretium</strong></span> 
     </span>
     <span class='ocr_line' id='line_1_26' title="bbox 215 2715 1228 2799; baseline -0.001 -19"><span class='ocrx_word' id='word_1_188' title='bbox 215 2727 262 2780; x_wconf 92' lang='lat' dir='ltr'><strong>est</strong></span> <span class='ocrx_word' id='word_1_189' title='bbox 281 2719 320 2778; x_wconf 90' lang='lat' dir='ltr'><strong>de</strong></span> <span class='ocrx_word' id='word_1_190' title='bbox 333 2715 485 2796; x_wconf 87' lang='lat' dir='ltr'><strong>Aeschylo</strong></span> <span class='ocrx_word' id='word_1_191' title='bbox 506 2737 625 2798; x_wconf 88' lang='lat' dir='ltr'><strong>quoque</strong></span> <span class='ocrx_word' id='word_1_192' title='bbox 641 2720 742 2780; x_wconf 87' lang='lat' dir='ltr'><strong>iudicia</strong></span> <span class='ocrx_word' id='word_1_193' title='bbox 761 2739 937 2799; x_wconf 87' lang='lat' dir='ltr'><strong>componere</strong></span> <span class='ocrx_word' id='word_1_194' title='bbox 951 2731 981 2782; x_wconf 90' lang='lat' dir='ltr'><strong>et</strong></span> <span class='ocrx_word' id='word_1_195' title='bbox 1000 2723 1169 2782; x_wconf 86' lang='lat' dir='ltr'><strong>examinare</strong></span> <span class='ocrx_word' id='word_1_196' title='bbox 1189 2721 1228 2779; x_wconf 89' lang='lat' dir='ltr'><strong>ita</strong></span> 
     </span>
    </p>
   </div>
   <div class='ocr_carea' id='block_1_6' title="bbox 119 2811 1229 2892">
    <p class='ocr_par' dir='ltr' id='par_1_11' title="bbox 119 2811 1229 2892">
     <span class='ocr_line' id='line_1_27' title="bbox 119 2811 1229 2892; baseline 0.004 -23"><span class='ocrx_word' id='word_1_197' title='bbox 119 2814 120 2822; x_wconf 78' lang='grc'>’</span> <span class='ocrx_word' id='word_1_198' title='bbox 216 2811 344 2890; x_wconf 85' lang='lat' dir='ltr'><strong>quidem,</strong></span> <span class='ocrx_word' id='word_1_199' title='bbox 358 2819 388 2872; x_wconf 90' lang='lat' dir='ltr'><strong>ut</strong></span> <span class='ocrx_word' id='word_1_200' title='bbox 400 2813 555 2889; x_wconf 85' lang='lat' dir='ltr'><strong>Euripides</strong></span> <span class='ocrx_word' id='word_1_201' title='bbox 569 2831 627 2872; x_wconf 93' lang='lat' dir='ltr'><strong>non</strong></span> <span class='ocrx_word' id='word_1_202' title='bbox 641 2817 735 2890; x_wconf 86' lang='lat' dir='ltr'><strong>magis</strong></span> <span class='ocrx_word' id='word_1_203' title='bbox 755 2816 921 2892; x_wconf 82' lang='lat' dir='ltr'><strong>respiciatur</strong></span> <span class='ocrx_word' id='word_1_204' title='bbox 937 2836 1024 2892; x_wconf 86' lang='lat' dir='ltr'><strong>quarn</strong></span> <span class='ocrx_word' id='word_1_205' title='bbox 1040 2827 1085 2874; x_wconf 91' lang='lat' dir='ltr'><strong>est</strong></span> <span class='ocrx_word' id='word_1_206' title='bbox 1101 2834 1229 2875; x_wconf 87' lang='lat' dir='ltr'><strong>necesse.</strong></span> 
     </span>
    </p>
   </div>
   <div class='ocr_carea' id='block_1_7' title="bbox 217 2903 1231 3736">
    <p class='ocr_par' dir='ltr' id='par_1_12' title="bbox 217 2903 1229 3358">
     <span class='ocr_line' id='line_1_28' title="bbox 297 2903 1228 2987; baseline 0.001 -21"><span class='ocrx_word' id='word_1_207' title='bbox 297 2903 385 2983; x_wconf 81' lang='lat' dir='ltr'><strong>Quod</strong></span> <span class='ocrx_word' id='word_1_208' title='bbox 405 2925 471 2966; x_wconf 87' lang='lat' dir='ltr'><strong>cunt</strong></span> <span class='ocrx_word' id='word_1_209' title='bbox 493 2906 550 2966; x_wconf 86' lang='lat' dir='ltr'><strong>iam</strong></span> <span class='ocrx_word' id='word_1_210' title='bbox 570 2925 627 2984; x_wconf 86' lang='lat' dir='ltr'><strong>ego</strong></span> <span class='ocrx_word' id='word_1_211' title='bbox 653 2907 708 2967; x_wconf 90' lang='lat' dir='ltr'><strong>sim</strong></span> <span class='ocrx_word' id='word_1_212' title='bbox 727 2918 926 2987; x_wconf 82' lang='lat' dir='ltr'><strong>suscepturus,</strong></span> <span class='ocrx_word' id='word_1_213' title='bbox 956 2928 1013 2969; x_wconf 91' lang='lat' dir='ltr'><strong>non</strong></span> <span class='ocrx_word' id='word_1_214' title='bbox 1038 2909 1143 2986; x_wconf 85' lang='lat' dir='ltr'><strong>ignoro</strong></span> <span class='ocrx_word' id='word_1_215' title='bbox 1166 2912 1228 2968; x_wconf 89' lang='lat' dir='ltr'><strong>eius</strong></span> 
     </span>
     <span class='ocr_line' id='line_1_29' title="bbox 218 2999 1229 3081; baseline 0.003 -23"><span class='ocrx_word' id='word_1_216' title='bbox 218 3001 259 3060; x_wconf 78' lang='lat' dir='ltr'><strong>ru·</strong></span> <span class='ocrx_word' id='word_1_217' title='bbox 280 2999 495 3071; x_wconf 79' lang='lat' dir='ltr'><strong>difficultatem,</strong></span> <span class='ocrx_word' id='word_1_218' title='bbox 520 3001 574 3061; x_wconf 87' lang='lat' dir='ltr'><strong>sed</strong></span> <span class='ocrx_word' id='word_1_219' title='bbox 594 3010 693 3061; x_wconf 84' lang='lat' dir='ltr'><strong>tamen</strong></span> <span class='ocrx_word' id='word_1_220' title='bbox 717 3005 814 3062; x_wconf 87' lang='lat' dir='ltr'><strong>animo</strong></span> <span class='ocrx_word' id='word_1_221' title='bbox 839 3003 904 3064; x_wconf 88' lang='lat' dir='ltr'><strong>lorti</strong></span> <span class='ocrx_word' id='word_1_222' title='bbox 928 3006 1084 3081; x_wconf 85' lang='lat' dir='ltr'><strong>aggrediar</strong></span> <span class='ocrx_word' id='word_1_223' title='bbox 1108 3023 1177 3070; x_wconf 89' lang='lat' dir='ltr'><strong>rem,</strong></span> <span class='ocrx_word' id='word_1_224' title='bbox 1197 3010 1229 3061; x_wconf 88' lang='lat' dir='ltr'><strong>ut</strong></span> 
     </span>
     <span class='ocr_line' id='line_1_30' title="bbox 217 3092 1228 3174; baseline 0.003 -21"><span class='ocrx_word' id='word_1_225' title='bbox 217 3093 370 3170; x_wconf 86' lang='lat' dir='ltr'><strong>quomodo</strong></span> <span class='ocrx_word' id='word_1_226' title='bbox 389 3095 541 3172; x_wconf 87' lang='lat' dir='ltr'><strong>aptissime</strong></span> <span class='ocrx_word' id='word_1_227' title='bbox 560 3092 768 3174; x_wconf 84' lang='lat' dir='ltr'><strong>Aristophanis</strong></span> <span class='ocrx_word' id='word_1_228' title='bbox 794 3099 832 3157; x_wconf 90' lang='lat' dir='ltr'><strong>de</strong></span> <span class='ocrx_word' id='word_1_229' title='bbox 852 3095 1004 3173; x_wconf 88' lang='lat' dir='ltr'><strong>Aeschylo</strong></span> <span class='ocrx_word' id='word_1_230' title='bbox 1027 3096 1128 3157; x_wconf 88' lang='lat' dir='ltr'><strong>iudicia</strong></span> <span class='ocrx_word' id='word_1_231' title='bbox 1148 3114 1228 3156; x_wconf 94' lang='lat' dir='ltr'><strong>com·</strong></span> 
     </span>
     <span class='ocr_line' id='line_1_31' title="bbox 218 3188 1228 3267; baseline 0.003 -21"><span class='ocrx_word' id='word_1_232' title='bbox 218 3188 288 3267; x_wconf 90' lang='lat' dir='ltr'><strong>poni</strong></span> <span class='ocrx_word' id='word_1_233' title='bbox 311 3189 423 3266; x_wconf 88' lang='lat' dir='ltr'><strong>possint</strong></span> <span class='ocrx_word' id='word_1_234' title='bbox 444 3189 601 3259; x_wconf 85' lang='lat' dir='ltr'><strong>inveniam,</strong></span> <span class='ocrx_word' id='word_1_235' title='bbox 624 3191 703 3266; x_wconf 88' lang='lat' dir='ltr'><strong>quod</strong></span> <span class='ocrx_word' id='word_1_236' title='bbox 729 3190 837 3250; x_wconf 85' lang='lat' dir='ltr'><strong>bonum</strong></span> <span class='ocrx_word' id='word_1_237' title='bbox 863 3189 932 3252; x_wconf 87' lang='lat' dir='ltr'><strong>ielix</strong></span> <span class='ocrx_word' id='word_1_238' title='bbox 957 3190 1080 3253; x_wconf 77' lang='lat' dir='ltr'><strong>faustum</strong></span> <span class='ocrx_word' id='word_1_239' title='bbox 1102 3192 1228 3252; x_wconf 77' lang='lat' dir='ltr'><strong>[ortuna-</strong></span> 
     </span>
     <span class='ocr_line' id='line_1_32' title="bbox 218 3283 405 3358; baseline 0.011 -17"><span class='ocrx_word' id='word_1_240' title='bbox 218 3291 342 3358; x_wconf 85' lang='lat' dir='ltr'><strong>tumque</strong></span> <span class='ocrx_word' id='word_1_241' title='bbox 361 3283 405 3343; x_wconf 87' lang='lat' dir='ltr'><strong>sit</strong></span> 
     </span>
    </p>

    <p class='ocr_par' dir='ltr' id='par_1_13' title="bbox 219 3373 1231 3736">
     <span class='ocr_line' id='line_1_33' title="bbox 298 3373 1229 3456; baseline 0.001 -21"><span class='ocrx_word' id='word_1_242' title='bbox 298 3373 346 3436; x_wconf 92' lang='lat' dir='ltr'><strong>Ac</strong></span> <span class='ocrx_word' id='word_1_243' title='bbox 365 3377 491 3452; x_wconf 87' lang='lat' dir='ltr'><strong>primum</strong></span> <span class='ocrx_word' id='word_1_244' title='bbox 507 3379 633 3454; x_wconf 85' lang='lat' dir='ltr'><strong>quidem,</strong></span> <span class='ocrx_word' id='word_1_245' title='bbox 652 3396 712 3454; x_wconf 87' lang='lat' dir='ltr'><strong>quo</strong></span> <span class='ocrx_word' id='word_1_246' title='bbox 733 3378 827 3454; x_wconf 87' lang='lat' dir='ltr'><strong>nragis</strong></span> <span class='ocrx_word' id='word_1_247' title='bbox 843 3397 885 3448; x_wconf 84' lang='lat' dir='ltr'><strong>ea,</strong></span> <span class='ocrx_word' id='word_1_248' title='bbox 904 3398 979 3454; x_wconf 88' lang='lat' dir='ltr'><strong>quae</strong></span> <span class='ocrx_word' id='word_1_249' title='bbox 996 3379 1064 3439; x_wconf 92' lang='lat' dir='ltr'><strong>mihi</strong></span> <span class='ocrx_word' id='word_1_250' title='bbox 1078 3377 1229 3456; x_wconf 86' lang='lat' dir='ltr'><strong>proposita</strong></span> 
     </span>
     <span class='ocr_line' id='line_1_34' title="bbox 219 3467 1229 3548; baseline 0.002 -21"><span class='ocrx_word' id='word_1_251' title='bbox 219 3477 302 3535; x_wconf 88' lang='lat' dir='ltr'><strong>sunt.</strong></span> <span class='ocrx_word' id='word_1_252' title='bbox 331 3467 518 3542; x_wconf 84' lang='lat' dir='ltr'><strong>illustrentur,</strong></span> <span class='ocrx_word' id='word_1_253' title='bbox 542 3472 741 3547; x_wconf 83' lang='lat' dir='ltr'><strong>quaestionem</strong></span> <span class='ocrx_word' id='word_1_254' title='bbox 766 3472 920 3543; x_wconf 85' lang='lat' dir='ltr'><strong>instituam,</strong></span> <span class='ocrx_word' id='word_1_255' title='bbox 939 3473 1091 3548; x_wconf 87' lang='lat' dir='ltr'><strong>quomodo</strong></span> <span class='ocrx_word' id='word_1_256' title='bbox 1110 3471 1229 3532; x_wconf 89' lang='lat' dir='ltr'><strong>omnino</strong></span> 
     </span>
     <span class='ocr_line' id='line_1_35' title="bbox 222 3561 1229 3643; baseline 0 -21"><span class='ocrx_word' id='word_1_257' title='bbox 222 3561 437 3640; x_wconf 84' lang='lat' dir='ltr'><strong>Aristophanes</strong></span> <span class='ocrx_word' id='word_1_258' title='bbox 450 3581 582 3626; x_wconf 89' lang='lat' dir='ltr'><strong>summos</strong></span> <span class='ocrx_word' id='word_1_259' title='bbox 598 3565 703 3626; x_wconf 89' lang='lat' dir='ltr'><strong>aetatis</strong></span> <span class='ocrx_word' id='word_1_260' title='bbox 716 3583 786 3628; x_wconf 84' lang='lat' dir='ltr'><strong>suae</strong></span> <span class='ocrx_word' id='word_1_261' title='bbox 801 3566 969 3627; x_wconf 85' lang='lat' dir='ltr'><strong>iudicaverit</strong></span> <span class='ocrx_word' id='word_1_262' title='bbox 984 3566 1119 3643; x_wconf 88' lang='lat' dir='ltr'><strong>tragicos.</strong></span> <span class='ocrx_word' id='word_1_263' title='bbox 1140 3563 1229 3642; x_wconf 84' lang='lat' dir='ltr'><strong>Quod</strong></span> 
     </span>
     <span class='ocr_line' id='line_1_36' title="bbox 222 3653 1231 3736; baseline 0.003 -23"><span class='ocrx_word' id='word_1_264' title='bbox 222 3663 321 3714; x_wconf 86' lang='lat' dir='ltr'><strong>autem</strong></span> <span class='ocrx_word' id='word_1_265' title='bbox 352 3653 454 3716; x_wconf 78' lang='lat' dir='ltr'><strong>attinet</strong></span> <span class='ocrx_word' id='word_1_266' title='bbox 482 3656 521 3716; x_wconf 89' lang='lat' dir='ltr'><strong>ad</strong></span> <span class='ocrx_word' id='word_1_267' title='bbox 549 3653 755 3735; x_wconf 79' lang='lat' dir='ltr'><strong>Aristophanis</strong></span> <span class='ocrx_word' id='word_1_268' title='bbox 783 3661 821 3718; x_wconf 90' lang='lat' dir='ltr'><strong>de</strong></span> <span class='ocrx_word' id='word_1_269' title='bbox 843 3656 987 3735; x_wconf 87' lang='lat' dir='ltr'><strong>Aeschyli</strong></span> <span class='ocrx_word' id='word_1_270' title='bbox 1011 3659 1092 3736; x_wconf 88' lang='lat' dir='ltr'><strong>poesi</strong></span> <span class='ocrx_word' id='word_1_271' title='bbox 1121 3657 1231 3724; x_wconf 81' lang='lat' dir='ltr'><strong>iudicia,</strong></span> 
     </span>
    </p>
   </div>
   <div class='ocr_carea' id='block_1_8' title="bbox 2108 359 2281 410">
    <p class='ocr_par' dir='ltr' id='par_1_14' title="bbox 2108 359 2281 410">
     <span class='ocr_line' id='line_1_37' title="bbox 2108 359 2281 410; baseline 0.012 -30"><span class='ocrx_word' id='word_1_272' title='bbox 2108 359 2281 410; x_wconf 82' lang='lat' dir='ltr'><strong>-s-</strong></span> 
     </span>
    </p>
   </div>
   <div class='ocr_carea' id='block_1_9' title="bbox 1683 484 2705 1113">
    <p class='ocr_par' dir='ltr' id='par_1_15' title="bbox 1685 484 2705 636">
     <span class='ocr_line' id='line_1_38' title="bbox 1685 484 2705 564; baseline 0.011 -23"><span class='ocrx_word' id='word_1_273' title='bbox 1685 484 2012 560; x_wconf 87' lang='lat' dir='ltr'><strong>quinquepotissimum,</strong></span> <span class='ocrx_word' id='word_1_274' title='bbox 2025 505 2091 544; x_wconf 90' lang='lat' dir='ltr'><strong>cum</strong></span> <span class='ocrx_word' id='word_1_275' title='bbox 2108 497 2213 562; x_wconf 84' lang='lat' dir='ltr'><strong>agatur</strong></span> <span class='ocrx_word' id='word_1_276' title='bbox 2228 491 2267 546; x_wconf 90' lang='lat' dir='ltr'><strong>de</strong></span> <span class='ocrx_word' id='word_1_277' title='bbox 2275 498 2364 564; x_wconf 82' lang='lat' dir='ltr'><strong>poeta</strong></span> <span class='ocrx_word' id='word_1_278' title='bbox 2378 495 2521 558; x_wconf 80' lang='lat' dir='ltr'><strong>scaenico.</strong></span> <span class='ocrx_word' id='word_1_279' title='bbox 2537 499 2705 553; x_wconf 74' lang='lat' dir='ltr'><strong>secema-udi</strong></span> 
     </span>
     <span class='ocr_line' id='line_1_39' title="bbox 1685 576 2024 636; baseline 0 -2"><span class='ocrx_word' id='word_1_280' title='bbox 1685 595 1749 634; x_wconf 88' lang='lat' dir='ltr'><strong>esse</strong></span> <span class='ocrx_word' id='word_1_281' title='bbox 1769 576 1941 634; x_wconf 84' lang='lat' dir='ltr'><strong>videbantur</strong></span> <span class='ocrx_word' id='word_1_282' title='bbox 1961 577 2024 636; x_wconf 88' lang='lat' dir='ltr'><strong>loci.</strong></span> 
     </span>
    </p>

    <p class='ocr_par' dir='ltr' id='par_1_16' title="bbox 1683 668 2703 1113">
     <span class='ocr_line' id='line_1_40' title="bbox 1762 668 2702 750; baseline 0.011 -26"><span class='ocrx_word' id='word_1_283' title='bbox 1762 669 1873 725; x_wconf 88' lang='lat' dir='ltr'><strong>l&#39;rimus</strong></span> <span class='ocrx_word' id='word_1_284' title='bbox 1888 669 1941 726; x_wconf 91' lang='lat' dir='ltr'><strong>erit</strong></span> <span class='ocrx_word' id='word_1_285' title='bbox 1962 668 2075 728; x_wconf 77' lang='lat' dir='ltr'><strong>tabulae</strong></span> <span class='ocrx_word' id='word_1_286' title='bbox 2092 671 2231 744; x_wconf 84' lang='lat' dir='ltr'><strong>inventio,</strong></span> <span class='ocrx_word' id='word_1_287' title='bbox 2247 673 2328 746; x_wconf 86' lang='lat' dir='ltr'><strong>quod</strong></span> <span class='ocrx_word' id='word_1_288' title='bbox 2345 681 2457 744; x_wconf 88' lang='lat' dir='ltr'><strong>spectat</strong></span> <span class='ocrx_word' id='word_1_289' title='bbox 2473 675 2512 732; x_wconf 87' lang='lat' dir='ltr'><strong>ari</strong></span> <span class='ocrx_word' id='word_1_290' title='bbox 2528 677 2702 750; x_wconf 87' lang='lat' dir='ltr'><strong>ingenium</strong></span> 
     </span>
     <span class='ocr_line' id='line_1_41' title="bbox 1684 759 2702 841; baseline 0.009 -24"><span class='ocrx_word' id='word_1_291' title='bbox 1684 759 1756 817; x_wconf 86' lang='lat' dir='ltr'><strong>aiter</strong></span> <span class='ocrx_word' id='word_1_292' title='bbox 1772 761 1901 829; x_wconf 89' lang='lat' dir='ltr'><strong>oratio,</strong></span> <span class='ocrx_word' id='word_1_293' title='bbox 1926 762 2012 834; x_wconf 66' lang='grc' dir='ltr'><strong>λέξις,</strong></span> <span class='ocrx_word' id='word_1_294' title='bbox 2026 769 2087 819; x_wconf 90' lang='lat' dir='ltr'><strong>tum</strong></span> <span class='ocrx_word' id='word_1_295' title='bbox 2102 763 2233 837; x_wconf 86' lang='lat' dir='ltr'><strong>sequitur</strong></span> <span class='ocrx_word' id='word_1_296' title='bbox 2246 765 2393 832; x_wconf 87' lang='lat' dir='ltr'><strong>musica,</strong></span> <span class='ocrx_word' id='word_1_297' title='bbox 2412 767 2582 841; x_wconf 71' lang='lat' dir='ltr'><strong>yrrlnauriu.</strong></span> <span class='ocrx_word' id='word_1_298' title='bbox 2597 768 2702 826; x_wconf 76' lang='lat' dir='ltr'><strong>‹leinrie</strong></span> 
     </span>
     <span class='ocr_line' id='line_1_42' title="bbox 1684 849 2703 933; baseline 0.006 -23"><span class='ocrx_word' id='word_1_299' title='bbox 1684 859 1840 926; x_wconf 78' lang='lat' dir='ltr'><strong>apparatus</strong></span> <span class='ocrx_word' id='word_1_300' title='bbox 1857 855 2015 918; x_wconf 81' lang='lat' dir='ltr'><strong>scaenicus,</strong></span> <span class='ocrx_word' id='word_1_301' title='bbox 2032 851 2050 910; x_wconf 82' lang='lat' dir='ltr'><strong>ri</strong></span> <span class='ocrx_word' id='word_1_302' title='bbox 2069 856 2123 932; x_wconf 67' lang='grc' dir='ltr'><strong>τῆς</strong></span> <span class='ocrx_word' id='word_1_303' title='bbox 2140 849 2243 927; x_wconf 66' lang='lat' dir='ltr'><strong>rigante</strong></span> <span class='ocrx_word' id='word_1_304' title='bbox 2258 853 2377 933; x_wconf 67' lang='grc' dir='ltr'><strong>κύαμος,</strong></span> <span class='ocrx_word' id='word_1_305' title='bbox 2395 851 2474 930; x_wconf 64' lang='grc' dir='ltr'><strong><em>ὄφις.</em></strong></span> <span class='ocrx_word' id='word_1_306' title='bbox 2508 858 2703 917; x_wconf 69' lang='lat' dir='ltr'><strong>secernuntur</strong></span> 
     </span>
     <span class='ocr_line' id='line_1_43' title="bbox 1685 943 2703 1026; baseline 0.006 -26"><span class='ocrx_word' id='word_1_307' title='bbox 1685 943 1771 1017; x_wconf 86' lang='lat' dir='ltr'><strong>igitur</strong></span> <span class='ocrx_word' id='word_1_308' title='bbox 1796 944 1900 1001; x_wconf 87' lang='lat' dir='ltr'><strong>iudicia</strong></span> <span class='ocrx_word' id='word_1_309' title='bbox 1928 944 1966 1001; x_wconf 84' lang='lat' dir='ltr'><strong>‹le</strong></span> <span class='ocrx_word' id='word_1_310' title='bbox 1996 956 2101 1018; x_wconf 88' lang='lat' dir='ltr'><strong>poetae</strong></span> <span class='ocrx_word' id='word_1_311' title='bbox 2130 947 2260 1020; x_wconf 84' lang='lat' dir='ltr'><strong>ingenio.</strong></span> <span class='ocrx_word' id='word_1_312' title='bbox 2288 949 2472 1018; x_wconf 60' lang='lat' dir='ltr'><strong>elocutione„</strong></span> <span class='ocrx_word' id='word_1_313' title='bbox 2490 951 2591 1008; x_wconf 89' lang='lat' dir='ltr'><strong>melica</strong></span> <span class='ocrx_word' id='word_1_314' title='bbox 2612 953 2703 1026; x_wconf 81' lang='lat' dir='ltr'><strong>poesi,</strong></span> 
     </span>
     <span class='ocr_line' id='line_1_44' title="bbox 1683 1031 2699 1113; baseline 0.005 -21"><span class='ocrx_word' id='word_1_315' title='bbox 1683 1044 1823 1112; x_wconf 89' lang='lat' dir='ltr'><strong>apparatu</strong></span> <span class='ocrx_word' id='word_1_316' title='bbox 1844 1034 1988 1095; x_wconf 86' lang='lat' dir='ltr'><strong>scaenico.</strong></span> <span class='ocrx_word' id='word_1_317' title='bbox 2019 1031 2086 1095; x_wconf 88' lang='lat' dir='ltr'><strong>lluc</strong></span> <span class='ocrx_word' id='word_1_318' title='bbox 2100 1039 2240 1096; x_wconf 88' lang='lat' dir='ltr'><strong>accedent</strong></span> <span class='ocrx_word' id='word_1_319' title='bbox 2255 1039 2356 1113; x_wconf 81' lang='lat' dir='ltr'><strong>rpiuto</strong></span> <span class='ocrx_word' id='word_1_320' title='bbox 2373 1039 2439 1098; x_wconf 92' lang='lat' dir='ltr'><strong>ioco</strong></span> <span class='ocrx_word' id='word_1_321' title='bbox 2455 1042 2492 1100; x_wconf 86' lang='lat' dir='ltr'><strong>‹le</strong></span> <span class='ocrx_word' id='word_1_322' title='bbox 2509 1041 2580 1100; x_wconf 89' lang='lat' dir='ltr'><strong>vict</strong></span> <span class='ocrx_word' id='word_1_323' title='bbox 2596 1041 2699 1100; x_wconf 79' lang='lat' dir='ltr'><strong>ellectu</strong></span> 
     </span>
    </p>
   </div>
   <div class='ocr_carea' id='block_1_10' title="bbox 1570 1127 2033 1202">
    <p class='ocr_par' dir='ltr' id='par_1_17' title="bbox 1570 1127 2033 1202">
     <span class='ocr_line' id='line_1_45' title="bbox 1570 1127 2033 1202; baseline 0 -16"><span class='ocrx_word' id='word_1_324' title='bbox 1570 1127 1573 1134; x_wconf 87' lang='lat'>&#39;</span> <span class='ocrx_word' id='word_1_325' title='bbox 1683 1127 1898 1202; x_wconf 86' lang='lat' dir='ltr'><strong>tragoediarum</strong></span> <span class='ocrx_word' id='word_1_326' title='bbox 1920 1128 2033 1187; x_wconf 88' lang='lat' dir='ltr'><strong>iudicia.</strong></span> 
     </span>
    </p>
   </div>
   <div class='ocr_carea' id='block_1_11' title="bbox 1683 1219 2699 2888">
    <p class='ocr_par' dir='ltr' id='par_1_18' title="bbox 1683 1219 2699 2888">
     <span class='ocr_line' id='line_1_46' title="bbox 1760 1219 2186 1299; baseline 0.012 -23"><span class='ocrx_word' id='word_1_327' title='bbox 1760 1219 1908 1278; x_wconf 86' lang='lat' dir='ltr'><strong>Disseram</strong></span> <span class='ocrx_word' id='word_1_328' title='bbox 1930 1221 2017 1294; x_wconf 88' lang='lat' dir='ltr'><strong>igitur</strong></span> <span class='ocrx_word' id='word_1_329' title='bbox 2036 1222 2186 1299; x_wconf 83' lang='lat' dir='ltr'><strong>deinceps:</strong></span> 
     </span>
     <span class='ocr_line' id='line_1_47' title="bbox 1683 1309 2699 1392; baseline 0.01 -25"><span class='ocrx_word' id='word_1_330' title='bbox 1683 1309 1720 1368; x_wconf 92' lang='lat' dir='ltr'><strong>A.</strong></span> <span class='ocrx_word' id='word_1_331' title='bbox 1741 1311 1788 1368; x_wconf 85' lang='lat' dir='ltr'><strong>De</strong></span> <span class='ocrx_word' id='word_1_332' title='bbox 1797 1311 1997 1388; x_wconf 88' lang='lat' dir='ltr'><strong>Aristophane</strong></span> <span class='ocrx_word' id='word_1_333' title='bbox 2011 1333 2194 1372; x_wconf 88' lang='lat' dir='ltr'><strong>summorum</strong></span> <span class='ocrx_word' id='word_1_334' title='bbox 2205 1318 2309 1374; x_wconf 86' lang='lat' dir='ltr'><strong>aetatis</strong></span> <span class='ocrx_word' id='word_1_335' title='bbox 2323 1336 2393 1376; x_wconf 90' lang='lat' dir='ltr'><strong>suae</strong></span> <span class='ocrx_word' id='word_1_336' title='bbox 2409 1319 2585 1392; x_wconf 87' lang='lat' dir='ltr'><strong>tragicorum</strong></span> <span class='ocrx_word' id='word_1_337' title='bbox 2599 1321 2699 1377; x_wconf 80' lang='lat' dir='ltr'><strong>iudice.</strong></span> 
     </span>
     <span class='ocr_line' id='line_1_48' title="bbox 1683 1401 2405 1485; baseline 0.006 -23"><span class='ocrx_word' id='word_1_338' title='bbox 1683 1404 1714 1464; x_wconf 89' lang='lat' dir='ltr'><strong>li.</strong></span> <span class='ocrx_word' id='word_1_339' title='bbox 1740 1401 1945 1482; x_wconf 83' lang='lat' dir='ltr'><strong>Aristophanis</strong></span> <span class='ocrx_word' id='word_1_340' title='bbox 1966 1406 2004 1465; x_wconf 81' lang='lat' dir='ltr'><strong>tle</strong></span> <span class='ocrx_word' id='word_1_341' title='bbox 2024 1406 2166 1484; x_wconf 84' lang='lat' dir='ltr'><strong>Aeschyli</strong></span> <span class='ocrx_word' id='word_1_342' title='bbox 2188 1411 2269 1485; x_wconf 87' lang='lat' dir='ltr'><strong>poesi</strong></span> <span class='ocrx_word' id='word_1_343' title='bbox 2290 1409 2405 1468; x_wconf 73' lang='lat' dir='ltr'><strong>indicias</strong></span> 
     </span>
     <span class='ocr_line' id='line_1_49' title="bbox 2050 1503 2257 1582; baseline 0.014 -20"><span class='ocrx_word' id='word_1_344' title='bbox 2050 1533 2053 1538; x_wconf 74' lang='lat'><em>,</em></span> <span class='ocrx_word' id='word_1_345' title='bbox 2121 1503 2217 1582; x_wconf 85' lang='lat' dir='ltr'><strong>Caput</strong></span> <span class='ocrx_word' id='word_1_346' title='bbox 2239 1505 2257 1565; x_wconf 93' lang='lat' dir='ltr'><strong>l.</strong></span> 
     </span>
     <span class='ocr_line' id='line_1_50' title="bbox 1953 1595 2431 1674; baseline 0.01 -20"><span class='ocrx_word' id='word_1_347' title='bbox 1953 1595 1999 1656; x_wconf 89' lang='lat' dir='ltr'><strong>De</strong></span> <span class='ocrx_word' id='word_1_348' title='bbox 2019 1595 2160 1673; x_wconf 86' lang='lat' dir='ltr'><strong>Aeschyli</strong></span> <span class='ocrx_word' id='word_1_349' title='bbox 2180 1599 2297 1674; x_wconf 86' lang='lat' dir='ltr'><strong>ingenio</strong></span> <span class='ocrx_word' id='word_1_350' title='bbox 2318 1599 2431 1659; x_wconf 84' lang='lat' dir='ltr'><strong>iudicia.</strong></span> 
     </span>
     <span class='ocr_line' id='line_1_51' title="bbox 1819 1685 2452 1764; baseline 0.013 -19"><span class='ocrx_word' id='word_1_351' title='bbox 1819 1691 1844 1762; x_wconf 69' lang='lat'><strong>5.</strong></span> <span class='ocrx_word' id='word_1_352' title='bbox 1870 1703 1892 1748; x_wconf 85' lang='lat' dir='ltr'><strong>r.</strong></span> <span class='ocrx_word' id='word_1_353' title='bbox 1914 1689 1961 1748; x_wconf 88' lang='lat' dir='ltr'><strong>De</strong></span> <span class='ocrx_word' id='word_1_354' title='bbox 1981 1691 2114 1749; x_wconf 84' lang='lat' dir='ltr'><strong>universo</strong></span> <span class='ocrx_word' id='word_1_355' title='bbox 2135 1693 2260 1764; x_wconf 83' lang='lat' dir='ltr'><strong>ingenio.</strong></span> <span class='ocrx_word' id='word_1_356' title='bbox 2449 1685 2452 1692; x_wconf 51' lang='lat'><strong>⁴</strong></span> 
     </span>
     <span class='ocr_line' id='line_1_52' title="bbox 1817 1779 2379 1860; baseline 0.007 -22"><span class='ocrx_word' id='word_1_357' title='bbox 1817 1781 1842 1856; x_wconf 68' lang='grc'><strong>5.</strong></span> <span class='ocrx_word' id='word_1_358' title='bbox 1864 1793 1889 1838; x_wconf 90' lang='lat'><strong>2.</strong></span> <span class='ocrx_word' id='word_1_359' title='bbox 1910 1781 1957 1840; x_wconf 92' lang='lat' dir='ltr'><strong>De</strong></span> <span class='ocrx_word' id='word_1_360' title='bbox 1978 1779 2138 1842; x_wconf 79' lang='lat' dir='ltr'><strong>fabularum</strong></span> <span class='ocrx_word' id='word_1_361' title='bbox 2158 1786 2379 1860; x_wconf 82' lang='lat' dir='ltr'><strong>cotrrpositione.</strong></span> 
     </span>
     <span class='ocr_line' id='line_1_53' title="bbox 2112 1876 2261 1953; baseline 0.013 -17"><span class='ocrx_word' id='word_1_362' title='bbox 2112 1876 2207 1953; x_wconf 88' lang='lat' dir='ltr'><strong>Caput</strong></span> <span class='ocrx_word' id='word_1_363' title='bbox 2229 1879 2261 1938; x_wconf 90' lang='lat' dir='ltr'><strong>ll.</strong></span> 
     </span>
     <span class='ocr_line' id='line_1_54' title="bbox 1926 1967 2450 2052; baseline 0.004 -24"><span class='ocrx_word' id='word_1_364' title='bbox 1926 1969 1972 2028; x_wconf 88' lang='lat' dir='ltr'><strong>De</strong></span> <span class='ocrx_word' id='word_1_365' title='bbox 1993 1967 2135 2045; x_wconf 77' lang='lat' dir='ltr'><strong>Aeschyli</strong></span> <span class='ocrx_word' id='word_1_366' title='bbox 2155 1971 2319 2030; x_wconf 91' lang='lat' dir='ltr'><strong>elocutione</strong></span> <span class='ocrx_word' id='word_1_367' title='bbox 2339 1969 2450 2052; x_wconf 62' lang='lat' dir='ltr'><strong>iudicia:</strong></span> 
     </span>
     <span class='ocr_line' id='line_1_55' title="bbox 1818 2060 2300 2135; baseline 0.006 -18"><span class='ocrx_word' id='word_1_368' title='bbox 1818 2062 1843 2135; x_wconf 69' lang='lat'><strong>3⁶.</strong></span> <span class='ocrx_word' id='word_1_369' title='bbox 1864 2079 1890 2133; x_wconf 80' lang='lat'><strong>3.</strong></span> <span class='ocrx_word' id='word_1_370' title='bbox 1910 2060 1957 2120; x_wconf 90' lang='lat' dir='ltr'><strong>De</strong></span> <span class='ocrx_word' id='word_1_371' title='bbox 1977 2061 2109 2119; x_wconf 83' lang='lat' dir='ltr'><strong>universa</strong></span> <span class='ocrx_word' id='word_1_372' title='bbox 2129 2061 2300 2120; x_wconf 87' lang='lat' dir='ltr'><strong>elocutione.</strong></span> 
     </span>
     <span class='ocr_line' id='line_1_56' title="bbox 1818 2153 2317 2231; baseline 0.008 -20"><span class='ocrx_word' id='word_1_373' title='bbox 1818 2155 1843 2228; x_wconf 67' lang='lat' dir='ltr'><strong>s.</strong></span> <span class='ocrx_word' id='word_1_374' title='bbox 1863 2167 1890 2225; x_wconf 85' lang='grc'><strong>4.</strong></span> <span class='ocrx_word' id='word_1_375' title='bbox 1911 2153 1957 2212; x_wconf 90' lang='lat' dir='ltr'><strong>De</strong></span> <span class='ocrx_word' id='word_1_376' title='bbox 1978 2153 2107 2230; x_wconf 87' lang='lat' dir='ltr'><strong>prologis</strong></span> <span class='ocrx_word' id='word_1_377' title='bbox 2127 2155 2317 2231; x_wconf 89' lang='lat' dir='ltr'><strong>singulariter.</strong></span> 
     </span>
     <span class='ocr_line' id='line_1_57' title="bbox 2102 2247 2264 2326; baseline 0.006 -17"><span class='ocrx_word' id='word_1_378' title='bbox 2102 2247 2198 2326; x_wconf 71' lang='lat' dir='ltr'><strong>Captn</strong></span> <span class='ocrx_word' id='word_1_379' title='bbox 2218 2248 2264 2310; x_wconf 93' lang='lat' dir='ltr'><strong>lll.</strong></span> 
     </span>
     <span class='ocr_line' id='line_1_58' title="bbox 1816 2337 2476 2420; baseline 0.009 -22"><span class='ocrx_word' id='word_1_380' title='bbox 1816 2341 1841 2412; x_wconf 67' lang='lat' dir='ltr'><strong>s.</strong></span> <span class='ocrx_word' id='word_1_381' title='bbox 1864 2353 1888 2415; x_wconf 84' lang='grc'><strong>5.</strong></span> <span class='ocrx_word' id='word_1_382' title='bbox 1908 2340 1956 2399; x_wconf 90' lang='lat' dir='ltr'><strong>De</strong></span> <span class='ocrx_word' id='word_1_383' title='bbox 1976 2337 2118 2416; x_wconf 89' lang='lat' dir='ltr'><strong>Aeschyli</strong></span> <span class='ocrx_word' id='word_1_384' title='bbox 2141 2342 2243 2401; x_wconf 86' lang='lat' dir='ltr'><strong>melica</strong></span> <span class='ocrx_word' id='word_1_385' title='bbox 2263 2343 2344 2420; x_wconf 88' lang='lat' dir='ltr'><strong>poesi</strong></span> <span class='ocrx_word' id='word_1_386' title='bbox 2365 2343 2476 2404; x_wconf 70' lang='lat' dir='ltr'><strong>iurlieia.</strong></span> 
     </span>
     <span class='ocr_line' id='line_1_59' title="bbox 2103 2435 2536 2512; baseline 0.018 -18"><span class='ocrx_word' id='word_1_387' title='bbox 2103 2435 2198 2512; x_wconf 84' lang='lat' dir='ltr'><strong>Caput</strong></span> <span class='ocrx_word' id='word_1_388' title='bbox 2219 2436 2268 2494; x_wconf 91' lang='lat' dir='ltr'><strong>lV.</strong></span> <span class='ocrx_word' id='word_1_389' title='bbox 2534 2499 2536 2502; x_wconf 86' lang='lat'><strong>.</strong></span> 
     </span>
     <span class='ocr_line' id='line_1_60' title="bbox 1817 2525 2565 2604; baseline 0.005 -20"><span class='ocrx_word' id='word_1_390' title='bbox 1817 2529 1843 2600; x_wconf 68' lang='lat' dir='ltr'><strong>s.</strong></span> <span class='ocrx_word' id='word_1_391' title='bbox 1864 2529 1891 2584; x_wconf 90' lang='lat'><strong>6.</strong></span> <span class='ocrx_word' id='word_1_392' title='bbox 1912 2529 1959 2586; x_wconf 91' lang='lat' dir='ltr'><strong>De</strong></span> <span class='ocrx_word' id='word_1_393' title='bbox 1980 2525 2123 2603; x_wconf 89' lang='lat' dir='ltr'><strong>Aeschyli</strong></span> <span class='ocrx_word' id='word_1_394' title='bbox 2141 2539 2280 2604; x_wconf 85' lang='lat' dir='ltr'><strong>apparatu</strong></span> <span class='ocrx_word' id='word_1_395' title='bbox 2301 2529 2434 2588; x_wconf 71' lang='lat' dir='ltr'><strong>scaenico</strong></span> <span class='ocrx_word' id='word_1_396' title='bbox 2454 2531 2565 2588; x_wconf 86' lang='lat' dir='ltr'><strong>iudicia.</strong></span> 
     </span>
     <span class='ocr_line' id='line_1_61' title="bbox 2107 2621 2260 2698; baseline 0 -18"><span class='ocrx_word' id='word_1_397' title='bbox 2107 2621 2201 2698; x_wconf 86' lang='lat' dir='ltr'><strong>Caput</strong></span> <span class='ocrx_word' id='word_1_398' title='bbox 2223 2621 2260 2680; x_wconf 88' lang='lat' dir='ltr'><strong>V.</strong></span> 
     </span>
     <span class='ocr_line' id='line_1_62' title="bbox 1814 2712 2689 2790; baseline 0.005 -18"><span class='ocrx_word' id='word_1_399' title='bbox 1814 2712 1840 2790; x_wconf 67' lang='lat' dir='ltr'><strong>s.</strong></span> <span class='ocrx_word' id='word_1_400' title='bbox 1860 2727 1886 2790; x_wconf 91' lang='lat'><strong>7.</strong></span> <span class='ocrx_word' id='word_1_401' title='bbox 1907 2715 1953 2773; x_wconf 91' lang='lat' dir='ltr'><strong>De</strong></span> <span class='ocrx_word' id='word_1_402' title='bbox 1977 2713 2120 2790; x_wconf 87' lang='lat' dir='ltr'><strong>Aeschyli</strong></span> <span class='ocrx_word' id='word_1_403' title='bbox 2143 2717 2360 2790; x_wconf 86' lang='lat' dir='ltr'><strong>tragoediarum</strong></span> <span class='ocrx_word' id='word_1_404' title='bbox 2388 2717 2414 2773; x_wconf 90' lang='lat' dir='ltr'><strong>vi</strong></span> <span class='ocrx_word' id='word_1_405' title='bbox 2443 2726 2473 2776; x_wconf 87' lang='lat' dir='ltr'><strong>et</strong></span> <span class='ocrx_word' id='word_1_406' title='bbox 2499 2715 2604 2776; x_wconf 85' lang='lat' dir='ltr'><strong>effectu</strong></span> <span class='ocrx_word' id='word_1_407' title='bbox 2628 2719 2689 2776; x_wconf 84' lang='lat' dir='ltr'><strong>sive</strong></span> 
     </span>
     <span class='ocr_line' id='line_1_63' title="bbox 1900 2805 2689 2888; baseline 0.006 -22"><span class='ocrx_word' id='word_1_408' title='bbox 1900 2809 1938 2869; x_wconf 87' lang='lat' dir='ltr'><strong>de</strong></span> <span class='ocrx_word' id='word_1_409' title='bbox 1948 2805 2103 2885; x_wconf 86' lang='lat' dir='ltr'><strong>Aeschylo</strong></span> <span class='ocrx_word' id='word_1_410' title='bbox 2119 2811 2223 2869; x_wconf 87' lang='lat' dir='ltr'><strong>civium</strong></span> <span class='ocrx_word' id='word_1_411' title='bbox 2237 2828 2355 2870; x_wconf 88' lang='lat' dir='ltr'><strong>suorum</strong></span> <span class='ocrx_word' id='word_1_412' title='bbox 2372 2818 2560 2888; x_wconf 81' lang='lat' dir='ltr'><strong>praeceptore</strong></span> <span class='ocrx_word' id='word_1_413' title='bbox 2575 2813 2689 2871; x_wconf 84' lang='lat' dir='ltr'><strong>iudicia.</strong></span> 
     </span>
    </p>
   </div>
   <div class='ocr_carea' id='block_1_12' title="bbox 0 0 2862 4266">
    <p class='ocr_par' dir='ltr' id='par_1_19' title="bbox 0 0 2862 4266">
     <span class='ocr_line' id='line_1_64' title="bbox 0 0 2862 4266; baseline 0 0"><span class='ocrx_word' id='word_1_414' title='bbox 0 0 2862 4266; x_wconf 95' lang='lat' dir='ltr'><strong> </strong></span> 
     </span>
    </p>
   </div>
  </div>
 </body>
</html>
