5710 4266
623 353 663 366 -
699 333 740 394 40
777 350 817 364 ..

208 473 369 552 eligentem
384 472 478 552 fingit,
492 474 689 553 pestringerc
707 473 835 535 voluisse
855 480 887 533 ut
907 474 1037 552 ineptum
1057 473 1229 553 sophistam.

123 635 128 644 ⁵
209 563 371 642 vituperat
393 573 495 628 umen
518 564 620 626 imiter
646 566 725 627 idem
753 567 843 626 edam
867 565 1010 643 Aeschyli
1038 568 1168 626 carmina
1194 582 1230 624 ac

207 675 271 717 non
290 657 383 718 modo
402 659 446 718 eis
465 657 593 736 quinque
611 674 685 734 quas
705 677 794 736 supra
813 659 1044 720 commemoravi
1068 661 1107 718 de
1126 657 1230 725 causis,

208 769 313 812 verum
340 751 430 814 etiam
459 751 496 827 (υ.
528 751 620 828 1297),
647 750 728 828 quod
756 758 824 811 sunt
851 750 929 811 iusto
956 749 1098 826 longiora.
1138 747 1228 827 Quod

207 843 431 903 concedendum
447 850 493 902 cst
508 840 710 919 Aristophani,
730 861 824 918 neque
843 858 914 901 vero
933 841 1064 902 oblivisci
1084 841 1227 902 debemus

207 931 285 992 lilius
304 933 373 994 dicti
392 933 475 1010 quod
494 931 601 1010 iegitur
619 935 698 1010 apud
722 933 801 992 uitae
827 933 1014 1010 scriptorem:
1042 931 1228 1008 Aeschylum

205 1041 276 1084 cunr
295 1025 506 1102 antiquioribus
529 1027 626 1102 poetis
650 1033 853 1102 comparatum
880 1025 1010 1085 maxime
1028 1043 1094 1084 esse
1113 1024 1227 1102 praedi·

207 1115 342 1187 andum,
362 1115 512 1192 aliquanto
524 1114 691 1177 inferiorem
706 1133 772 1176 csse
787 1115 1005 1194 posterioribus.
1033 1115 1101 1176 Huc
1115 1115 1228 1176 accedit

163 1211 165 1214 ’
206 1239 246 1252 -
265 1209 347 1284 quod
371 1209 532 1270 rectissime
556 1207 763 1286 Bemhardyus
783 1207 802 1267 i.
823 1208 840 1268 t
859 1223 886 1280 κ,
910 1227 938 1286 p.
963 1221 1018 1284 255
1044 1207 1122 1284 (ιιι)
1146 1224 1227 1266 com·

207 1306 355 1358 memorat
380 1331 420 1344 -
448 1299 633 1376 Aeschylum
667 1308 800 1360 naturam
824 1307 956 1361 secutum
985 1317 1051 1360 csse
1078 1299 1226 1377 propriam

206 1407 302 1467 eaque
329 1393 368 1452 de
395 1409 483 1453 casua
509 1400 543 1453 ut
569 1392 720 1454 bominem
748 1394 930 1469 ingeniosum
963 1400 994 1454 et
1025 1390 1181 1452 sublimem
1209 1409 1227 1450 a

206 1483 419 1560 posterioribus
447 1487 564 1564 saepius
592 1487 711 1546 minime
742 1505 808 1546 esse
839 1485 1017 1546 intellectum
1052 1504 1107 1546 nec
1141 1483 1226 1562 plane

205 1585 405 1654 perspectum
434 1577 570 1660 Denique
589 1597 647 1640 non
667 1579 863 1642 omittendum
880 1586 934 1652 est,
953 1577 1138 1655 Aeschylum
1158 1576 1226 1638 ideo

206 1683 333 1744 quoque,
345 1670 413 1747 quia
425 1688 443 1730 e
456 1671 570 1746 priscae
588 1672 766 1748 antiquitatis
781 1673 882 1733 indole
896 1672 1068 1733 sublimium
1087 1669 1226 1731 nonnulla

205 1766 238 1820 et
266 1759 383 1821 dudora
410 1760 541 1832 effinxit,
573 1781 650 1839 quae
677 1764 821 1840 ampliore
847 1762 1009 1825 litteratura
1036 1763 1132 1823 minus
1159 1768 1227 1822 sunt

205 1857 323 1927 aperta,
347 1853 434 1912 nobis
457 1853 548 1914 videri
568 1872 635 1914 esse
664 1853 821 1915 obscurum
849 1874 916 1916 cum
944 1855 1078 1927 omnino,
1105 1862 1168 1916 tum
1196 1856 1225 1914 in
1350 1919 1354 1930 ¹

207 1941 290 2004 chori
309 1943 427 2006 canticis
446 1946 513 2018 suis,
532 1943 568 2008 ci
588 1945 690 2008 Philoi
711 1961 750 2024 30
764 1966 792 2026 p.
807 1962 864 2025 732
884 1967 915 2019 s,
935 1947 984 2008 ubi
1004 1945 1225 2008 Heimsoethius

204 2037 245 2095 de
263 2035 406 2114 Aeschyli
427 2039 555 2099 dictione
575 2039 665 2100 verba
685 2039 760 2100 lncit

283 2125 411 2188 Primam
431 2147 540 2200 earum,
558 2149 633 2207 quas
654 2132 745 2191 modo
763 2131 935 2208 significavi,
959 2149 1126 2202 catomum,
1154 2151 1222 2192 curn

204 2221 407 2281 iustoiudicio
426 2223 604 2298 ponderaret
624 2222 846 2302 Aristophanes,
866 2223 1052 2301 Aeschylum
1071 2225 1223 2302 aptissime
1327 2273 1330 2280 .

204 2320 357 2390 wmparat
375 2330 442 2374 cum
462 2314 641 2391 Phrynicho,
670 2325 760 2393 poeta
778 2318 953 2394 antiquiore,
976 2325 1136 2394 postquam
1164 2319 1222 2376 iam

204 2403 285 2463 initio
312 2404 396 2465 huius
423 2407 463 2465 de
489 2405 571 2466 chori
602 2409 723 2469 canticis
754 2409 921 2470 certaminis
954 2408 1088 2470 laudibus
1116 2407 1221 2470 extulit

202 2495 332 2557 carmina
353 2495 500 2575 Aeschyli
523 2497 723 2577 pulcherrima
767 2498 905 2564 Cetenrm
931 2501 978 2562 hic
1006 2500 1140 2561 conseras
1164 2501 1220 2561 Ed

202 2585 318 2650 Mouet
337 2589 355 2652 l
375 2588 393 2653 l
413 2604 484 2670 ηρ
508 2591 666 2669 163-165.
750 2611 753 2619 ·

623 2777 806 2793 *Π

625 2977 722 3060 Caput
741 2979 793 3043 1v.

447 3119 467 3180 l.
481 3119 504 3170 δ.
535 3122 574 3170 Da
589 3121 701 3184 Aeschyli
716 3135 742 3170 ra
757 3123 862 3170 uranica
878 3122 968 3172 indicta.

279 3239 347 3301 Duo
370 3247 483 3304 &ntum
507 3243 554 3306 vel
579 3245 635 3305 tria
658 3246 697 3304 dc
720 3244 861 3322 Aeschyli
886 3265 918 3306 re
943 3245 1076 3306 scaenica
1096 3246 1211 3324 repperi

200 3329 408 3412 Aristophanis
432 3334 544 3409 iudicia,
574 3353 651 3414 quac
674 3337 803 3398 indicant
826 3337 1008 3415 Aeschylum
1036 3349 1218 3417 apparatum·

198 3422 363 3488 ιαοαίοιιαι
385 3423 611 3507 splendidiorem
634 3448 761 3500 amasse.
789 3432 997 3503 introduxisse.
1024 3432 1152 3494 auxisse.
1172 3463 1213 3478 -

200 3516 249 3581 Ac
273 3519 399 3598 primum
426 3522 545 3599 quidem
568 3523 734 3604 Euripides,
761 3525 812 3603 qul
839 3524 1023 3603 Aeschylum
1050 3525 1119 3587 nihil
1146 3543 1212 3604 per·

197 3611 330 3690 epiorum
349 3632 483 3676 canuae
501 3617 621 3689 censuit,
639 3618 682 3679 sic
701 3620 799 3696 pergit
818 3617 891 3679 Ran.
910 3638 937 3680 υ.
956 3622 1015 3696 928
1034 3637 1084 3680 sss

2090 330 2284 387 ..4,..

1792 463 1856 530 ἀλλ’
1874 463 1894 549 'i
1901 466 2125 548 Σκαμάνδρους
2138 465 2157 548 ii
2170 465 2308 548 τάηρους
2320 464 2339 549 ii
2350 463 2392 530 ’π’
2407 465 2547 532 donicion·
2561 467 2697 543 indutor

1792 561 1993 641 γρυπαιέτους
2005 557 2213 640 χαλκηλάτους
2227 557 2280 623 καλ
2295 557 2401 643 ῥήματ’
2416 559 2616 644 ἱππόκρημνα
2629 567 2695 626 κτλ

1755 668 1833 730 Tum
1853 668 1960 729 chorus
1978 668 2163 745 Aeschylum
2182 669 2225 729 sic
2244 669 2375 760 appellat
2397 687 2424 729 υ.
2447 683 2522 743 roos
2540 689 2576 730 a:
2616 681 2618 685 ’

1793 771 1869 851 ἀλλ’,
1885 767 2050 855 άπρῶτας
2066 772 2291 856 τῶνἙλλήνων
2303 773 2467 856 πυργώσας
2474 773 2594 856 ῥήματα
2601 777 2696 857 σεμνά

1793 871 1844 932 καλ
1862 865 2017 950 κοσμήσας
2036 867 2184 948 τραγικόν
2202 871 2305 949 λῆρον,
2324 873 2389 946 κτλ.

1754 974 1853 1054 Quem
1880 975 2004 1036 alterum
2032 975 2130 1036 locum
2158 977 2205 1036 hic
2232 977 2328 1049 oholi,
2354 977 2438 1053 quod
2461 976 2606 1054 Aeschyli
2634 977 2696 1036 bio-
2779 1041 2781 1046 ,

1635 1075 1639 1086 “
1676 1068 1807 1144 graphus
1828 1077 1859 1128 et
1878 1068 2152 1128 Sommerbrodtius
2171 1086 2288 1129 uersum
2304 1081 2374 1144 1005
2395 1071 2434 1128 ad
2454 1087 2516 1129 rem
2532 1071 2695 1128 suminam

1677 1161 1823 1236 pertinere
1850 1168 1980 1220 censent.
2020 1159 2167 1236 Equidem
2191 1177 2259 1219 cum
2285 1159 2478 1236 llemhardyo
2504 1160 2522 1219 l.
2548 1160 2613 1229 la,
2637 1162 2696 1220 206
2794 1177 2800 1194 ·

1675 1251 1754 1326 (196)
1781 1260 1812 1312 et
1836 1251 1915 1314 Frid.
1937 1250 2086 1313 Schoellio
2106 1281 2144 1298 -
2168 1251 2204 1311 cl.
2229 1249 2379 1312 Ritschelii
2404 1252 2545 1328 Aeschyli
2571 1251 2694 1330 Septem

1676 1360 1704 1418 p.
1723 1357 1758 1415 41
1791 1342 1823 1402 lr.
1854 1356 1905 1419 ιςς
1929 1375 1965 1388 -
1986 1363 2037 1404 cas
2064 1346 2191 1420 tragicas
2211 1362 2304 1420 nugas
2323 1373 2364 1389 -
2377 1339 2517 1404 ‘schwali'
2539 1375 2578 1388 -
2596 1347 2696 1422 potius

1675 1432 1774 1495 referri
1795 1436 1834 1496 ad
1853 1437 2015 1498 dictionem
2034 1455 2151 1497 censeo.

1752 1528 1855 1588 Tertio
1879 1529 1947 1588 loco
1972 1529 2152 1604 Aeschylus,
2179 1539 2338 1606 postquam
2363 1527 2642 1606 magniloquentiam
2665 1529 2694 1589 in

1674 1621 1836 1698 tragoediis
1863 1624 1923 1682 suis
1950 1623 2144 1684 necessariam
2173 1620 2261 1683 luisse
2289 1625 2519 1692 demonstrauit,
2554 1622 2628 1684 haec
2654 1625 2695 1682 ait

1674 1713 1766 1774 verba
1785 1734 1811 1773 υ.
1836 1715 1910 1774 ¹060
1928 1735 1978 1777 sa:

1725 1838 1729 1846 ’
1789 1815 1909 1892 κάλλους
1917 1813 2234 1902 ιδκόςταόςημιδιόυς
2244 1819 2546 1902 ταλςρἡιασιμιλζοσι
2552 1825 2693 1901 χρῆσθαι·

1789 1911 1907 1992 καὶγὰρ
1917 1911 2123 1992 τοιςλματλοις
2135 1910 2362 1992 inviolaviliter
2369 1913 2451 1975 πολὺ
2464 1914 2693 1991 σεμνοτέροισιν

1789 2000 1870 2081 ἁμοῦ
1889 2008 2028 2086 χρηστῶς
2045 2003 2284 2080 καταδείξαντος
2304 2000 2477 2085 διελυμήνω
2492 2001 2539 2066 ori.

1750 2129 1921 2204 Priusquam
1942 2131 1999 2189 iam
2023 2147 2059 2188 ca
2079 2127 2286 2205 Aristophanis
2311 2147 2450 2189 recenseo
2474 2130 2592 2202 iudicia,
2619 2117 2691 2188 non·

1673 2218 1749 2279 nulla
1777 2229 1909 2280 veterum
1936 2220 2028 2280 allero
2056 2221 2095 2279 de
2121 2219 2266 2295 Aeschyli
2294 2239 2325 2280 re
2352 2221 2487 2280 scaenica
2514 2221 2690 2282 testimonia

1673 2314 1720 2373 Ac
1746 2313 1843 2390 primo
1868 2314 1988 2390 quidem
2010 2313 2079 2374 loco
2106 2312 2176 2373 Vita
2200 2313 2356 2391 Aeschyli,
2390 2347 2421 2360 -
2443 2333 2472 2392 p
2499 2329 2509 2374 ι
2533 2315 2580 2376 ed.
2600 2314 2687 2377 Diod.

1671 2405 1753 2466 Poet.
1774 2423 1869 2465 scaen
1889 2437 1927 2450 -
1946 2404 2021 2468 haec
2040 2405 2173 2467 tradidit:
2201 2405 2272 2478 νέος
2295 2406 2329 2468 δὲ
2353 2400 2467 2487 ἤρξατο
2487 2411 2554 2467 τοῖν
2572 2427 2688 2485 τραγηι·

1669 2497 1755 2566 rianio,
1770 2493 1822 2559 καλ
1833 2497 1915 2560 καλό
1924 2496 1998 2570 τούς
2010 2497 2073 2576 πρδ
2082 2497 2195 2560 ἑαυτοῦ
2211 2496 2340 2578 insolitu
2357 2495 2437 2560 κατά
2447 2520 2479 2560 τι
2494 2496 2552 2575 τόν
2565 2499 2689 2578 πόλησιν

1669 2589 1720 2650 καλ
1753 2588 1811 2670 την
1842 2586 1984 2654 διάθεσιν
2021 2595 2076 2671 τῆς
2106 2594 2229 2671 σκηνῆς,
2257 2587 2316 2672 την
2347 2612 2379 2652 τι
2407 2587 2607 2670 λαμπρότητα
2634 2594 2688 2671 τῆς

1542 2673 1546 2682 “
1666 2682 1810 2761 χορηγλας
1821 2685 1872 2746 καλ
1888 2681 1947 2765 τὴν
1962 2682 2073 2766 σκενδην
2092 2686 2158 2746 τῶν
2179 2680 2365 2763 ὑποκριτῶν,
2384 2679 2444 2764 τόν
2463 2705 2495 2745 τι
2516 2687 2574 2746 τοῦ
2590 2687 2687 2762 χοροῦ
2770 2763 2773 2768 ¹

1668 2771 1849 2854 σεμνότητα,
1869 2772 1913 2849 oie
1932 2778 1983 2839 καλ
2001 2772 2220 2858 Ἀριστοφάνης
2238 2777 2322 2850 (Ran.
2345 2791 2419 2851 1004
2437 2779 2481 2850 a).

1745 2868 1859 2930 ibidem
1877 2889 1906 2948 p.
1923 2887 1940 2931 2
1961 2890 1983 2931 s.
2000 2873 2046 2931 ed.
2066 2870 2154 2931 Diod.
2170 2870 2284 2948 singula
2299 2872 2338 2930 de
2353 2887 2476 2931 scaemc
2490 2870 2684 2928 cxonratione

1667 2969 1757 3037 atque
1769 2963 1809 3023 dc
1815 2963 1989 3024 histrionum
1998 2963 2098 3024 habitu
2108 2963 2247 3038 Aeschyli
2265 2965 2370 3024 merita
2383 2963 2455 3023 haec
2468 2971 2680 3022 enumerantur.

1666 3055 1798 3131 Πρῶτος
1823 3055 1977 3136 Αλσχόλας
2002 3053 2118 3120 πάδεαι
2152 3055 2386 3136 γιννικοιτλροις
2417 3052 2474 3135 τὴν
2508 3052 2703 3133 τραγηιδλαν

1664 3141 1782 3227 ηὔξησε,
1808 3148 1867 3231 την
1889 3151 1923 3213 di
1946 3150 2063 3232 σκηνὴν
2086 3147 2231 3230 ἐκόσμησε
2255 3149 2306 3211 καὶ
2331 3147 2389 3229 την
2412 3143 2488 3224 όριν
2514 3151 2580 3209 τῶν
2601 3155 2679 3208 διοι-

1663 3239 1769 3318 μένοιν
1795 3241 1959 3322 κατέπληξε
1988 3247 2027 3322 τῇ
2053 3240 2260 3323 λαμπρότητι,
2291 3251 2419 3316 χραφαλς
2445 3240 2497 3301 καλ
2523 3250 2677 3318 μηχαναλς,

1663 3335 1780 3412 βωμοῖς
1794 3355 1828 3396 τι
1841 3335 1893 3396 καλ
1909 3332 2027 3413 τάφοις,
2043 3333 2209 3416 σάλπιγξιν,
2229 3329 2375 3407 uiduitate,
2392 3328 2532 3410 Ἐρινύσι,
2550 3327 2625 3402 τοός
2643 3349 2675 3391 τι

1664 3421 1834 3502 δποκριτάς
1852 3438 1960 3507 χειρῖσι
1973 3423 2131 3499 Ισκεπάσας
2146 3425 2197 3490 καὶ
2216 3431 2263 3507 τηῖ
2279 3423 2407 3504 σάρματι
2421 3421 2598 3505 ἐξογκόσας,
2615 3423 2676 3501 μιλ-

1663 3518 1729 3596 ςοσλ
1748 3539 1781 3582 τι
1802 3529 1868 3594 τοῖς
1886 3516 2055 3602 κοθόρνοις
2072 3521 2264 3603 μιτιοιρδσας.

1740 3611 1856 3674 Deinde
1883 3614 2074 3676 Dioscorides
2102 3617 2136 3691 (c.
2167 3627 2224 3674 τοο
2250 3630 2275 3673 a
2303 3609 2389 3685 Che),
2415 3610 2465 3688 qui
2491 3607 2675 3686 tragoediam
