5710 4266
624 442 815 487 -10-

211 583 338 658 genium,
357 585 406 658 qul
427 583 573 644 neminem
587 579 721 656 agnoscit
741 579 864 642 iudicem
886 579 938 640 nisi
960 581 1061 655 deum,
1086 599 1122 641 ea
1140 582 1224 658 optio

174 677 176 681 '
212 675 342 734 maxime
361 676 529 750 respondet.

288 765 365 826 Tum
394 767 522 826 comicus
549 767 665 842 saepius
696 767 880 824 demonstrat
911 765 1051 840 impetum
1081 763 1222 841 Aeschyli

209 870 299 936 atque
326 860 509 920 iracundiam.
555 857 597 919 Ut
617 857 770 928 Xanthias,
794 867 952 934 postquam
973 857 1091 916 Aeacus
1116 876 1142 916 τ.
1166 860 1222 917 802

209 955 339 1014 narravit
358 953 526 1030 Euripidem
548 951 711 1028 tragoedias
733 949 872 1026 Aeschyli
900 953 1133 1010 examinaturum
1158 969 1223 1010 esse

208 1047 250 1106 ad
268 1047 399 1117 uerbum,
420 1045 494 1106 baec
512 1052 613 1105 censet
632 1063 659 1106 ν.
679 1046 747 1118 803:

326 1129 344 1218 η’
363 1159 427 1200 κου
444 1137 561 1214 doniors
580 1133 664 1214 αίγτατ
683 1135 742 1197 τὸν
762 1133 915 1212 Αἰσχύλον
934 1135 1047 1214 φέρειν.

288 1229 340 1290 Cui
361 1230 521 1289 sententiae
541 1228 659 1289 Aeacus
679 1229 721 1286 sic
742 1229 898 1286 assentitur
917 1246 943 1286 v:
964 1231 1042 1300 8042

325 1319 432 1398 ίβίτηε
452 1324 529 1399 γοῦν
549 1317 703 1398 ταυρηδὸν
722 1316 857 1398 ἐγκύψας
875 1316 970 1381 κάτω.

286 1411 462 1490 Aegerrime
490 1413 578 1490 lssitur
604 1412 658 1472 lert
678 1411 845 1487 Aeschylus
873 1421 966 1472 artem
994 1411 1135 1487 tragicam
1160 1420 1219 1470 tam

205 1507 319 1566 minute
346 1515 376 1566 et
403 1506 522 1582 indigne
547 1506 579 1564 iri
602 1512 773 1574 tractatum,
800 1504 871 1562 truci
898 1505 978 1563 vultu
1003 1512 1049 1563 est
1072 1503 1167 1580 capite
1192 1504 1219 1563 in

206 1605 315 1656 terram
334 1597 463 1657 demisso
483 1597 555 1656 tauri
575 1597 666 1654 instar
685 1597 777 1672 paratl
797 1597 834 1654 ad
854 1613 992 1672 pugnam.

286 1691 359 1750 ltem
378 1689 484 1750 chorus
504 1689 542 1749 de
562 1686 714 1764 Aeschylo
738 1708 764 1750 v.
784 1691 937 1764 814-817
958 1687 1031 1748 baec
1050 1695 1161 1748 censet:

324 1773 424 1860 ἦττον
443 1778 548 1842 desuda
567 1779 758 1858 ἐριβρεμέτας
776 1778 873 1857 χόλον
892 1779 1025 1841 ἔνδοθεν
1044 1778 1113 1854 teo,

323 1867 399 1953 ἡνίκ’
421 1867 462 1934 ἂν
482 1867 632 1947 seauton
650 1873 763 1950 καρίδη
784 1869 939 1950 θίγγαντας
958 1867 1078 1934 ὀδόντα
1162 1872 1217 1946 815

323 1961 509 2043 ἀντιτέχνου
529 1962 601 2026 τότε
622 1963 661 2044 tle)
678 1967 787 2043 μανίας
806 1962 869 2026 elad
889 1964 994 2044 δεινῆς

482 2052 603 2138 (inpura
622 2055 827 2137 ατρτηίὴαετατ.

286 2151 470 2210 Horrendam
488 2153 560 2211 iram
581 2151 627 2210 hic
652 2153 779 2210 comictu
804 2152 905 2210 tribuit
929 2151 1092 2226 Aeschylo,
1119 2159 1152 2210 ut
1180 2151 1220 2209 in·

205 2239 374 2302 flammatus
381 2243 562 2318 distorqueat
575 2240 689 2312 oculos;
702 2243 770 2318 quin
784 2245 875 2302 etiam
887 2251 1074 2319 comparatur
1082 2241 1219 2317 Aeschy-

204 2334 250 2395 lus
270 2353 337 2394 cum
357 2335 421 2412 ipso
435 2335 525 2413 Jove,
555 2335 677 2396 deorum
706 2335 850 2413 principe,
879 2334 926 2413 qui
953 2335 1031 2396 idem
1057 2335 1219 2412 appellatur

204 2425 397 2509 tornatus
416 2428 446 2488 ¹¹·
470 2443 512 2506 ¹³2
531 2427 600 2503 ⁶2⁴:

840 2519 915 2586 αὒδέ
933 2544 963 2585 τι
984 2525 1077 2604 ίίνμηί

321 2615 419 2695 Ζηνὸς
437 2615 632 2698 ἐριβρεμέτεω
649 2615 784 2698 χαλεπὴν
804 2615 958 2679 ἐτίτίείσαττ
978 2621 1078 2696 μῆνιν.

283 2707 333 2770 Ac
353 2727 384 2771 re
403 2727 472 2770 vera
492 2708 658 2786 Aeschylus
677 2711 706 2769 in
723 2709 828 2770 sabulis
844 2711 959 2770 uidetur
974 2729 1040 2770 esse
1055 2710 1137 2787 quasi
1148 2711 1215 2787 Jup-

202 2805 281 2880 piter
299 2811 412 2865 tonans.

280 2895 357 2955 Tum
386 2914 412 2956 ν.
440 2898 504 2970 843,
530 2905 686 2973 postquam
714 2896 882 2973 Aeschylus
910 2897 1096 2974 Euripidem,
1127 2915 1214 2972 quem

201 3005 230 3048 ν.
251 2991 309 3060 840
328 2987 417 3048 lilium
437 2989 560 3050 rusticae
579 2990 664 3050 divae
683 2979 768 3050 -αί
792 2999 849 3051 καί
874 2992 928 3070 τῆς
950 2983 1117 3068 ἀρουραίας
1137 2991 1215 3052 θεοῦ

204 3113 242 3128 -
261 3081 397 3161 appellat,
417 3082 509 3154 irrisit,
529 3081 660 3144 Bacchus
679 3103 745 3145 eum
765 3083 807 3144 sic
827 3082 953 3144 delenire
972 3083 1083 3144 studet:

840 3181 904 3238 auti
933 3172 1076 3254 Αίαχτίίε,

279 3269 330 3331 καί
348 3267 389 3352 μὴ
407 3268 487 3350 πρὸς
506 3265 601 3352 ὀργὴν
620 3267 773 3350 ostium
793 3265 947 3352 ίίτργττξνρς
966 3267 1058 3350 κότῳ.

279 3361 381 3438 Neque
396 3381 467 3424 vero
476 3363 643 3440 Aeschylus
658 3371 757 3440 potest
772 3363 877 3441 placari
894 3372 925 3424 et
937 3367 1033 3424 denuo
1041 3363 1211 3441 Euripidem

198 3453 330 3530 increpat
357 3454 532 3527 maledictis,
561 3465 593 3516 ut
616 3455 747 3516 Bacchus
771 3452 914 3532 Aeschyli
942 3455 1119 3516 iracundiam
1145 3474 1212 3516 cum

198 3547 315 3608 turblne
334 3557 486 3627 comparet
505 3548 548 3610 his
568 3549 666 3611 verbis
684 3567 713 3612 ν.
733 3551 788 3625 847
808 3567 844 3613 sn

316 3633 381 3718 ἅρτί
402 3634 481 3720 ἄρνα
498 3639 621 3721 alioue,
639 3643 747 3713 auidae
765 3641 948 3721 ἐξενέγκαντα

316 3731 422 3809 conde
440 3731 497 3814 ycin
517 3735 666 3810 ἐκβαίνττν
685 3732 953 3814 παρασκευάζεται.

1604 613 1606 616 “
1705 599 1789 676 Quae
1816 593 1992 656 exclamatio
2020 587 2143 662 artiniute
2169 577 2240 645 καίν’
2271 571 2443 653 huanlolde
2474 583 2520 633 est
2555 572 2640 629 diem.

1629 711 1696 753 nam
1716 690 1821 750 summi
1843 689 1969 762 impetus
1990 683 2077 740 aninri
2094 677 2248 751 Aecltylus
2269 671 2356 731 luisse
2375 670 2501 728 videtur:
2520 663 2640 739 Βαρίοτν

1629 788 1769 846 adversus
1790 780 1909 838 Thebas
1930 772 2056 850 exempli
2077 787 2166 830 causa
2186 768 2208 824 si
2235 766 2370 840 legimus,
2394 775 2510 834 scurper
2533 755 2561 811 in
2585 761 2642 810 tur·
2765 823 2768 830 Ι

1630 881 1698 940 bine
1717 894 1752 936 ac
1771 873 1896 935 tumultu
1917 871 2025 927 versari
2047 866 2131 924 uobis
2151 864 2291 921 uidemur.

1707 971 1829 1046 Nigram
1853 967 1920 1024 iude
1946 961 2089 1039 pecudem
2116 959 2187 1034 petit
2208 952 2351 1022 Bacchus,
2379 947 2459 1024 quod
2484 943 2552 1002 atris
2572 950 2645 1000 tem·

1445 1105 1449 1134 t
1535 1111 1537 1118 1
1632 1065 1792 1146 pestatibus
1813 1063 1883 1120 item
1903 1077 1938 1116 ac
1958 1056 2021 1114 cleis
2042 1050 2139 1112 inseris
2160 1045 2383 1126 numinibusque
2400 1039 2516 1100 marinis
2537 1035 2644 1110 nigrae.
2695 1067 2699 1076 ·

1632 1155 1852 1234 tempestatibus
1872 1153 1982 1211 serenis
2009 1144 2212 1208 mactabantur
2235 1139 2349 1200 hostiae
2374 1135 2473 1201 albae,
2496 1129 2533 1190 ct.
2554 1128 2644 1202 Verg.
2692 1143 2701 1150 ··

1633 1251 1708 1311 Aen.
1729 1271 1756 1325 η,
1781 1250 1833 1307 tt8
1850 1265 1900 1304 ss:

2016 1333 2137 1390 meritos
2157 1327 2215 1386 aris
2237 1322 2374 1384 mactavit
2395 1319 2530 1382 honores,

1748 1441 1862 1492 laurum
1882 1427 2029 1504 Neptuno,
2048 1433 2163 1482 taurum
2183 1419 2243 1484 tibi,
2264 1415 2382 1492 pulcher
2403 1409 2522 1486 Apollo,

1750 1527 1862 1602 nigram
1884 1520 1980 1580 Hiemi
2001 1517 2153 1596 pecudem,
2174 1509 2316 1588 Zephyris
2337 1504 2466 1566 felicibus
2485 1500 2591 1560 albam.

1710 1618 1784 1679 Cum
1805 1634 1876 1676 vero
1896 1615 1986 1672 etiam
2007 1621 2067 1668 tunt
2089 1614 2194 1683 pergat
2211 1600 2377 1676 Aeschylus
2397 1597 2492 1656 itrvelri
2513 1597 2541 1653 iu
2566 1592 2648 1650 litari·

1636 1715 1742 1791 pidem,
1762 1709 1893 1770 Bacchus
1913 1723 1980 1766 eum
2001 1703 2046 1762 his
2066 1703 2207 1760 admonet
2227 1695 2323 1754 uerbis
2344 1712 2369 1751 v.
2390 1689 2559 1764 list-859:

1750 1803 1870 1878 ἐκίτνγτς
1889 1789 1992 1869 οὗτος,
2011 1787 2038 1854 ui
2057 1785 2234 1868 πολυτίμητ’
2257 1783 2393 1862 alloquiis.

1751 1890 1814 1955 ἀπὸ
1835 1896 1901 1953 rain
1919 1891 2058 1968 γττίττζτῦν
2080 1881 2116 1952 tl’,
2137 1874 2164 1942 τί
2183 1874 2292 1958 πονήρ’
2318 1874 2473 1952 ίίέρτατίτίη,

1751 1982 1843 2064 ἄναγε
1864 1981 1996 2045 σεαυτὸν
2014 1975 2166 2048 tumtun,
2187 1975 2212 2034 τί
2233 1979 2409 2047 murmuria,

1751 2077 1802 2139 lua
1820 2075 1861 2156 γτίγ
1881 2073 2036 2150 κτηττίττίῳ
2056 2069 2113 2130 τὸν
2132 2062 2292 2146 κρτίτατγτίτ·
2311 2081 2367 2122 nou
2387 2057 2495 2139 ρηγτττττ

1753 2167 1857 2232 ίίτντίνν
1879 2165 1927 2230 ἐπ’
1950 2162 2041 2244 ὀργῆς
2060 2163 2145 2241 ἐκχίρ
2165 2158 2222 2220 τὸν
2245 2155 2392 2236 'liliaque'
2594 2151 2648 2222 835

1753 2261 1790 2324 σι’·
1810 2265 1842 2324 dt
1863 2260 1905 2341 γτίγ
1923 2259 2002 2336 ,τρίτα
2021 2253 2126 2335 ὀργήν,
2148 2247 2281 2328 νίίαχύί,
2300 2245 2377 2309 ἀλλὰ
2395 2241 2541 2320 aporiant:

1752 2351 1854 2438 Fieri,
1875 2353 2003 2431 ἐλέγχον·
2024 2349 2230 2423 ίατόττρτίαίίατ
2253 2337 2329 2402 τίάὐ
2347 2337 2455 2414 arpina

1753 2445 1869 2527 ἄνδρας
1887 2443 2018 2524 ποιητὰς
2037 2435 2139 2518 ὥσπερ
2159 2432 2380 2515 τ’τρτοτταίίττίττς.

1753 2542 1790 2606 σί·
1811 2538 1838 2604 d'
1861 2537 1957 2612 τέίίὺς
1977 2529 2080 2614 ὥσπερ
2099 2544 2211 2611 κρίνας
2230 2526 2413 2610 ἐγτκρηρίίτίς
2431 2527 2514 2606 ,logis

1717 2640 1809 2698 Recte
1828 2638 1946 2712 quidem
1964 2629 2108 2706 Aeschyli
2129 2630 2255 2703 impetus
2275 2626 2462 2698 comparatur
2481 2635 2546 2676 cunr
2567 2631 2651 2690 gratt-

1640 2735 1714 2802 diuc,
1734 2749 1828 2807 neqm
1848 2746 1919 2788 uero
1935 2724 2103 2800 Aeschylus
2117 2719 2247 2795 Euripidi
2268 2713 2486 2775 conviciabatur
2501 2719 2649 2782 tamquam

1642 2826 1743 2886 mulier
1761 2840 1838 2899 quac
1858 2838 1964 2899 panem
1984 2817 2093 2884 vendit,
2112 2833 2177 2874 cum
2200 2831 2226 2871 v.
2248 2815 2306 2884 849
2324 2827 2347 2866 s.
2367 2803 2512 2880 Euripidis
2531 2819 2578 2860 ars
2599 2818 2649 2875 ρο-

1641 2919 1784 2978 tissimum
1804 2918 1999 2990 vituperetur.⁴
2031 2911 2194 2969 l’utandum
2220 2904 2306 2980 igitur
2331 2910 2376 2960 est
2401 2907 2564 2958 extremam
2589 2895 2650 2952 cius

1641 3009 1846 3070 admonitionis
1875 3015 1988 3084 partem
2018 3005 2090 3062 risus
2119 2999 2254 3060 movendi
2287 3013 2373 3055 causa
2400 3011 2417 3050 a
2444 2991 2558 3074 comico
2586 3007 2650 3046 esse

1640 3103 1813 3181 appositam.

1718 3195 1795 3255 Tum
1816 3192 1985 3268 Aeschylus
2005 3211 2023 3250 a
2042 3190 2134 3248 choro
2154 3188 2196 3245 sic
2219 3185 2393 3244 admonetur
2419 3197 2445 3238 v.
2464 3185 2650 3253 992-tooq:
2773 3205 2777 3213 -

1825 3284 1896 3348 ττίτίτ
1918 3285 1974 3365 μὲν
1994 3278 2135 3352 iuducere.
2155 3273 2269 3355 ηττίὸτγί
2289 3271 2429 3351 Ἆγτίίτῦ·

1826 3377 1861 3440 ui·
1882 3380 1914 3440 di
1936 3379 1974 3448 tl,
1993 3376 2074 3452 ηέρτ,
2092 3371 2171 3451 πρὸς
2190 3375 2287 3432 ταῦτα
2307 3366 2413 3441 ligate:

1824 3467 1923 3549 μόνον
1942 3463 2028 3539 ὅπως
2126 3511 2132 3524 .
2227 3507 2234 3524 .
2350 3503 2358 3519 .

1902 3555 1943 3643 μή
1963 3557 1988 3624 o’
2010 3559 2027 3624 τί
2049 3559 2147 3639 iltutus
2167 3550 2303 3634 τ’τρπιίαττς

1826 3655 1915 3727 ἐκτὸς
1934 3655 2010 3718 τίσει
2031 3657 2095 3716 roit·
2114 3651 2219 3712 ἐλαῶν
2255 3691 2258 3694 -

1827 3747 1913 3811 δεινὰ
1932 3747 1990 3827 γὰρ
2010 3741 2224 3826 κατηγόρηκεν.
