5710 4266
590 427 780 485 ,η-

180 569 298 646 quidem
316 601 356 616 -
377 565 465 648 πιίηώ
484 599 531 642 -,
550 568 598 645 qui
625 567 687 643 ipse
713 582 844 624 summus
867 563 1037 640 tragoediae
1056 581 1120 623 sum
1144 581 1189 622 ar·

181 663 265 732 biter,
283 679 336 720 eos
354 661 498 730 iudicabo,
516 678 611 734 neque
630 660 707 717 enim
727 675 788 732 eqs.

257 753 364 814 Altero
383 754 450 814 ioco
473 753 604 812 laudatur
627 749 795 825 Aeschylus
815 748 943 809 Acharn.
964 766 993 809 v.
1012 761 1116 823 9-11,
1139 748 1188 808 ubi

180 847 369 923 Dicaeopoiis
388 845 462 906 haec
481 845 622 919 loquitur:

298 933 362 1000 ἀλλ’
383 933 550 1017 οίσυνηίίην
569 933 677 1012 ίτερον
696 924 736 996 οὗ
757 929 959 1012 τραγῳδικόν,

185 1045 227 1092 ιο.
297 1023 348 1091 ὅτε
370 1029 407 1110 dr}
425 1025 546 1109 ’πεχηνη
564 1028 747 1106 προςόοπῶν
766 1025 824 1088 τὸν
844 1021 1004 1103 Αἰσχύλον,

295 1119 314 1184 ὁ
334 1117 362 1184 d'
382 1119 508 1184 ἀνεῖπεν
527 1110 674 1200 είσοη),οί
696 1120 814 1198 Bima,
832 1115 891 1179 edu
907 1111 1010 1196 χορόν.

260 1215 390 1275 Fabulae
409 1213 568 1289 Aeschyli,
588 1215 637 1288 qui
656 1215 713 1272 iarn
733 1213 852 1287 triginta
871 1213 952 1268 annis
971 1217 1039 1268 ante
1059 1217 1190 1268 mortuus

177 1315 257 1380 erat,
286 1314 493 1384 exspectantur
528 1323 580 1364 ore
609 1305 719 1374 hiante,
748 1303 899 1380 languidus
929 1310 1017 1378 poeta
1048 1300 1192 1378 spernitur

178 1399 341 1477 liteognh,
359 1401 408 1476 qui
428 1397 626 1476 Xenophonte
645 1405 675 1458 et
696 1397 787 1474 Lysia
802 1395 967 1456 auctoribus
988 1393 1040 1454 iuit
1059 1413 1132 1454 unus
1151 1409 1190 1451 ex

176 1495 299 1567 triginta
327 1495 466 1568 tyrannis
511 1493 652 1566 Tragicos
679 1500 776 1550 autem
804 1491 954 1563 'lireogrris
981 1490 1099 1548 minime
1128 1498 1189 1548 tam

179 1584 277 1642 clanis
297 1583 350 1643 luit
368 1603 456 1660 quam
476 1583 655 1658 Aeschylus,
681 1591 713 1640 ot
732 1583 783 1640 vix
803 1600 879 1656 opus
897 1583 934 1640 sit
953 1581 1049 1640 dicere
1068 1582 1190 1640 Dicaeo-

178 1677 274 1755 polim
294 1685 373 1737 recte
391 1676 541 1736 iudicasse.
1027 1709 1030 1718 .

256 1769 372 1830 Tertius
400 1769 479 1829 ίσωο
509 1779 554 1828 est
586 1768 779 1844 fragmentum
808 1781 866 1838 204
892 1768 970 1844 apud
997 1765 1191 1836 Dindoriium,

175 1865 259 1938 quod
280 1863 483 1939 depromptum
503 1871 548 1922 est
567 1879 606 1921 ex
624 1860 830 1937 Aristophanis
849 1859 1011 1929 comoedia,
1030 1861 1075 1918 cul
1091 1858 1189 1918 titulus

176 1953 233 2014 tuit
253 1949 438 2034 Γηρυτᾶόης,
457 1963 487 2012 et
506 1953 583 2030 apud
597 1951 814 2012 Athenaeumd
831 1969 859 2028 p.
882 1953 936 2026 365
955 1949 976 2009 b
992 1951 1034 2010 sic
1055 1952 1190 2016 traditur:

291 2042 341 2110 'liu
359 2057 439 2108 τοίσι
458 2045 654 2117 συνδείπνοις
673 2045 810 2107 iamenu
829 2039 991 2122 Αἰσχύλον.

258 2139 347 2216 Quod
381 2147 427 2200 est
461 2139 547 2198 latim
575 2136 661 2198 ‘inter
695 2156 797 2198 cenam
829 2144 863 2210 (s.
891 2139 1033 2210 cenans)
1071 2136 1190 2196 laudans

176 2228 383 2309 Aeschylum’.
411 2231 487 2292 Frid.
505 2231 666 2292 Schoeliius
682 2231 799 2307 quidem
815 2263 854 2276 -·
868 2229 904 2292 ci.
919 2229 1069 2290 Ritscheiii
1082 2229 1189 2291 Aesch.

175 2325 304 2403 Septem
327 2327 468 2384 adversas
491 2324 611 2384 Thebas
635 2344 663 2402 p.
692 2337 726 2396 14
749 2355 788 2368 ·-
807 2325 1011 2400 interpretatur
1039 2341 1074 2382 ea
1099 2323 1190 2382 uerba

175 2419 238 2479 hoc
253 2419 356 2478 modo:
376 2424 564 2478 cenantem
584 2417 705 2477 laudans
718 2417 909 2493 Aeschylum.
942 2416 1016 2476 Utra
1032 2415 1069 2474 sit
1085 2417 1190 2474 rectior
1260 2471 1265 2484 ,

177 2511 384 2622 interpretatio
399 2511 546 2572 diiudicati
562 2529 620 2572 non
635 2517 741 2590 potest,
753 2528 819 2572 orm
836 2511 912 2572 desit
927 2527 1057 2570 conexus
1077 2517 1190 2570 senten

177 2615 390 2776 namlienique
409 2697 539 2758 comicus
554 2697 694 2773 Aeschyli
715 2697 826 2776 poesim
848 2696 909 2757 iore
928 2694 1124 2757 immortalem
1144 2693 1189 2754 his

175 2793 352 2854 oenomaus
372 2801 418 2852 est
437 2793 535 2852 verbis
555 2791 629 2852 Ran.
650 2794 708 2852 866
726 2811 778 2851 sse

592 2883 749 2964 Αἰσχύλου

295 2977 463 3061 ἐβουλόμην
480 2979 540 3060 μὲν
558 2972 616 3042 οὐκ
634 2979 744 3058 ε’ρίςειν
763 2975 884 3040 ἐνθάδε·

296 3069 355 3139 οὖν
374 3073 407 3152 lg
425 3073 494 3138 ίοου
512 3069 570 3155 γάρ
590 3071 676 3136 ίσοιν
695 3068 780 3152 ἁηοίν
800 3075 872 3152 νῷν.

592 3163 745 3239 Διόννσοο

912 3259 943 3323 τί
964 3259 1032 3332 dni:

594 3352 755 3434 Αίσχῦίος.

298 3442 347 3512 ὅτι
367 3446 386 3532 ἡ
404 3451 525 3531 ποίησε
543 3443 609 3529 οὐχί
625 3448 814 3530 συνείίίνηκί
830 3463 891 3528 μοι·
1020 3493 1023 3502 ,

297 3539 401 3624 τούτῳ
419 3542 452 3608 dl
472 3543 687 3626 συντέθνηκεν,
706 3536 784 3606 ὥσθ’
806 3541 863 3619 ieet
883 3542 987 3622 λέγειν.

259 3635 471 3716 lepidssima
485 3645 553 3696 sunt
569 3636 696 3708 facetiae,
708 3633 779 3698 ‘non
795 3655 834 3696 ex
849 3655 944 3711 aequo
956 3655 1021 3696 esse
1033 3643 1189 3703 conamen,

174 3749 246 3794 cum
269 3727 411 3807 Aeschyli
431 3731 530 3809 poesis
553 3747 611 3790 non
637 3729 774 3791 interierit
799 3745 864 3790 cum
889 3736 1019 3800 amore,
1044 3725 1189 3804 Euripidis

1643 591 1699 632 una
1718 591 1784 630 cum
1804 581 1893 649 poeta
1916 570 2061 632 interierit
2101 568 2188 629 Unde
2208 569 2262 638 iiii,
2286 587 2352 628 cum
2379 569 2408 626 in
2434 569 2514 628 Orco
2536 576 2654 644 praesto

1643 665 1700 724 sint
1717 663 1832 724 fabulae
1847 665 1885 724 ad
1902 683 2028 732 manum,
2043 681 2120 738 quoe
2136 663 2237 722 recitet
2258 663 2287 720 in
2303 670 2441 738 promptu
2457 681 2522 720 esse
2545 655 2653 720 iutura'

1720 754 1831 816 Vemm
1859 757 2017 833 posteritas
2044 757 2162 815 minime
2188 774 2219 813 re
2244 755 2450 829 comprobavit
2477 753 2534 810 hoc
2561 757 2654 811 tacete

1642 849 1760 908 dictum.
1809 849 1886 908 Nam
1919 849 2024 906 summi
2052 849 2077 907 ei
2105 849 2207 921 tragici
2237 847 2402 906 etiamnunc
2429 847 2529 903 vivunt
2556 845 2654 907 anrbo.

1643 941 1720 1018 Quin
1747 941 1835 1001 etiam
1862 933 2035 999 ‘miserrimi’
2063 938 2134 998 illius
2154 937 2300 1014 Euripidis
2327 939 2409 1014 poesi
2437 945 2553 1012 tempus
2576 935 2653 994 edax

1642 1052 1737 1093 rerum
1758 1032 1851 1092 multo
1877 1033 1971 1108 magis
1991 1031 2045 1092 luit
2064 1031 2221 1108 propitium
2242 1049 2330 1108 quam
2350 1027 2502 1104 Aeschylo
2528 1027 2567 1086 ab
2587 1026 2654 1087 Ari·

1644 1125 1788 1202 stophane
1803 1123 1881 1183 adeo
1889 1124 2073 1201 praedicato;
2088 1122 2171 1182 huius
2184 1124 2260 1182 enim
2277 1131 2392 1199 septem
2409 1129 2522 1180 tantum
2530 1119 2653 1180 tulerunt

1642 1226 1768 1276 aetatem
1789 1216 1914 1285 fabulae,
1933 1214 2006 1275 illius
2025 1224 2124 1275 autem
2145 1215 2334 1290 undeviginti.

1851 1372 1871 1428 Ξ.
1887 1381 1909 1416 2.
1940 1371 1978 1417 lle
1994 1369 2103 1430 Aeschyli
2122 1369 2248 1416 ieiuniorum
2265 1369 2439 1430 compositione.

1717 1493 1801 1554 Solet
1821 1493 1974 1569 Aeschylo
1994 1493 2105 1551 crimini
2126 1493 2188 1552 dari
2208 1493 2332 1550 actionis
2355 1493 2384 1550 in
2409 1492 2569 1566 tragoediis
2592 1492 2654 1548 eius

1640 1587 1754 1646 exilitas
1777 1596 1807 1646 et
1831 1588 1911 1662 quod
1938 1585 2064 1644 carmina
2088 1585 2203 1644 chorica
2228 1593 2295 1644 sunt
2321 1584 2463 1660 longiora
2500 1583 2582 1660 Justa
2609 1591 2653 1642 est

1639 1697 1675 1738 ea
1694 1680 1876 1754 vituperatio:
1900 1696 1995 1753 neque
2014 1685 2111 1736 tamen
2132 1679 2160 1736 in
2181 1677 2267 1754 culpa
2287 1687 2333 1736 est
2352 1673 2528 1751 Aeschylus.

1716 1771 1827 1830 Primus
1847 1771 1923 1830 enim
1944 1769 2112 1844 Aeschylus
2131 1770 2231 1828 docuit
2253 1767 2375 1838 fabulas,
2400 1777 2431 1828 et
2456 1777 2576 1844 poetae,
2604 1767 2653 1842 qui

1639 1873 1708 1923 ante
1726 1881 1793 1922 eum
1814 1860 1926 1922 fabulas
1946 1864 2072 1922 condere
2091 1871 2173 1920 erant
2197 1863 2304 1920 conati:
2331 1861 2468 1937 Thespis,
2492 1857 2653 1928 Choerilus,

1641 1955 1827 2030 Phrynichus,
1848 1955 1987 2022 Pratinas,
2007 1955 2105 2029 potius
2126 1955 2206 2028 lyrici
2226 1972 2314 2029 quam
2338 1953 2438 2027 tragici
2463 1961 2530 2010 sunt
2555 1949 2653 2028 appel·

1639 2047 1728 2108 landi.
1767 2047 1869 2123 Usque
1892 2049 1930 2106 ad
1957 2046 2138 2123 Aeschylum
2166 2047 2336 2123 tragoediae
2361 2066 2400 2105 ex
2428 2044 2508 2105 chori
2532 2045 2653 2104 canticis

1639 2141 1823 2216 potissimum
1843 2139 2057 2208 consistebant.
2087 2159 2160 2198 unus
2186 2149 2298 2199 1111111111
2326 2149 2410 2199 actor
2433 2139 2577 2214 tragicus,
2603 2137 2651 2213 qui

1638 2232 1682 2292 his
1701 2233 1798 2292 choris
1818 2241 1882 2292 erat
1901 2233 2030 2300 additus,
2059 2233 2185 2293 breviter
2210 2233 2381 2309 exponebat
2408 2251 2462 2291 res.
2486 2230 2652 2305 Aeschylus

1638 2324 1733 2384 altero
1756 2327 1923 2384 introducto
1950 2325 2089 2384 histrione
2116 2325 2236 2385 instituit
2263 2323 2437 2394 diverbium,
2465 2325 2546 2400 quud
2572 2325 2651 2398 apud

1638 2425 1742 2492 poetas
1767 2417 1945 2491 antiquiores
1969 2435 2034 2476 esse
2058 2436 2115 2476 non
2136 2425 2270 2494 potuerat
2294 2417 2346 2476 nisi
2378 2417 2452 2475 inter
2480 2416 2651 2496 histrionem

1638 2519 1670 2569 et
1689 2509 1888 2589 coryphaeum
1917 2512 1963 2570 vei
1990 2513 2138 2588 utriusque
2157 2510 2325 2570 hemichon'i
2346 2512 2467 2580 ducena
2493 2527 2553 2586 qino
2574 2505 2651 2566 lacto

1576 2617 1579 2624 ’
1639 2603 1805 2680 Aeschylus
1824 2605 2001 2681 aliquantum
2027 2605 2148 2664 resecuit
2172 2605 2299 2664 carmina
2319 2603 2441 2672 chorico,
2465 2601 2504 2664 ci.
2524 2602 2649 2663 Aris-tot

1637 2695 1717 2755 Post.
1740 2713 1767 2768 4,
1798 2711 1839 2773 ¹3.
1867 2699 1916 2758 καί
1947 2695 1985 2759 rri
2014 2719 2047 2760 re
2076 2699 2143 2760 eoin
2180 2691 2357 2774 inenormis·
2381 2699 2503 2776 πλῆθος
2525 2696 2558 2770 ig
2581 2691 2652 2754 lucie

1638 2788 1681 2862 είς
1696 2786 1753 2852 δύο
1768 2795 1893 2868 πρῶτος
1911 2789 2064 2871 Αἰσχύλος
2080 2787 2167 2872 ἤγαγε
2183 2791 2231 2854 arri
2250 2789 2289 2853 rei
2305 2794 2362 2853 rori
2375 2793 2471 2870 χοροί·
2483 2785 2651 2871 olivierius,

1636 2883 1685 2942 καί
1706 2881 1765 2943 τὸν
1785 2882 1878 2963 λόγον
1897 2883 2159 2965 πρευτυγων1σ1ίην
2178 2881 2418 2962 παρεσκεύασεν,
2445 2895 2526 2959 1ρ11ς
2545 2883 2576 2941 di
2598 2881 2647 2942 κοί

1636 2979 1867 3055 σκηνογραφίαν,
1889 2983 2060 3061 Σοφοκλῆς.
2123 2980 2189 3058 Qua
2216 2999 2247 3040 re
2271 2975 2453 3055 Aeschylum
2479 2977 2650 3052 tragoediae

1637 3081 1750 3146 patrem
1770 3091 1835 3132 esse
1854 3071 2060 3151 appellandum
2076 3093 2181 3134 omnes
2201 3075 2395 3144 consentiunt,
2414 3070 2543 3148 exempli
2563 3088 2650 3128 causa

1637 3181 1692 3242 pro
1716 3164 1812 3225 multis
1839 3185 1926 3226 unum
1952 3169 2072 3228 nomino
2100 3167 2321 3246 Quintilianum,
2347 3167 2396 3244 qui
2421 3167 2543 3226 lastitut.
2567 3167 2649 3222 (irat

1640 3272 1682 3328 111,
1705 3273 1729 3330 1,
1746 3258 1786 3320 66
1804 3261 1971 3338 tragoedias
1991 3262 2116 3340 primurn
2136 3264 2164 3324 in
2185 3263 2277 3324 lucem
2291 3257 2473 3339 Aeschylum
2493 3256 2648 3338 protulisse

1637 3354 1756 3412 censuit

1707 3445 1772 3522 Jam
1792 3445 1881 3523 ipsius
1901 3445 2041 3526 Aeschyli
2062 3449 2245 3530 temporibus
2265 3447 2429 3526 Sophocles
2457 3447 2573 3506 tertium
2596 3445 2647 3502 ad·

1636 3535 1729 3597 iunxit
1746 3539 1914 3600 histrionem
1930 3561 1965 3602 ac
1979 3543 2044 3621 plus
2059 3543 2148 3605 etiam
2161 3543 2241 3604 chori
2258 3551 2360 3602 cantus
2376 3540 2524 3600 imminuit
2554 3536 2648 3596 lluito

1636 3631 1730 3706 magis
1758 3631 1833 3692 ultra
1858 3644 1956 3694 autem
1984 3655 2158 3712 progressus
2185 3644 2231 3697 est
2259 3635 2432 3712 Euripides,
2463 3633 2510 3708 qui
2539 3646 2645 3689 nouam

1635 3723 1766 3800 aperiens
1794 3725 1871 3784 viam
1901 3725 1988 3804 piane
2014 3730 2137 3789 descivit
2164 3747 2182 3788 a
2212 3728 2362 3804 tragoedia
2394 3725 2517 3800 antiqua.
2566 3719 2645 3799 Quid
