5710 4266
642 349 835 410 ..4,-

226 439 384 568 Thespidis
399 509 466 552 esse
485 489 683 551 inventionem
702 497 811 559 censet,
831 488 904 550 haec
922 487 1047 564 scripsit,
1067 485 1102 547 ci
1124 483 1247 546 Anthol.

226 579 279 644 Gr.
298 601 338 643 ex
358 601 415 646 rec
434 581 570 644 Bruneidi
590 583 765 659 (rna-76)
781 583 827 646 ed
843 581 891 644 Fr.
901 581 1017 658 Jacobs.
1033 579 1247 656 (1794-1814)

230 689 257 750 r,
275 693 304 753 p
324 678 389 750 τ48.
409 676 447 738 A
469 675 519 736 Gr.
538 677 577 736 ad
597 674 646 735 lid.
667 674 787 736 Palatini
811 690 834 747 r,
853 677 912 748 428
931 675 970 750 (7,
989 673 1071 749 411):
1178 735 1181 742 ,

306 814 459 886 θέααιδος
477 807 589 894 εὕρεμα
608 818 714 888 τοῦτο,
735 811 774 876 τὰ
794 809 821 876 δ’
828 809 1003 893 ἀγροιώταν
1022 806 1070 874 dat
1091 803 1170 890 ὕλην

342 909 468 986 παίγνια
486 908 538 968 vol
556 903 677 986 κώμους
695 903 805 980 roricds
825 907 1033 984 rsiesore'pouc

307 997 458 1078 Αἰσχύλος
476 996 643 1076 ἐξῦρωαον,
662 997 681 1062 ὁ
700 998 742 1081 yn)
762 998 906 1079 σμιλουτὰ
923 996 1056 1108 χαράξας

344 1087 513 1170 γράμματα,
532 1088 688 1171 χειμάρρῳ
708 1086 793 1154 d’olo
811 1077 1035 1170 ιιαταρθόμινα,

306 1179 360 1244 καὶ
377 1181 417 1245 τὰ
433 1181 512 1246 κατὰ
532 1181 649 1264 σκηνὴν
665 1173 925 1262 μετειιαίνιιιεν.ι
898 1205 926 1245 ω
946 1179 1044 1261 στόμα
1062 1176 1192 1242 πάντων
1277 1215 1278 1218 =

342 1271 456 1351 δεξιόν,
476 1271 612 1354 ἀρχαίων
630 1266 714 1356 ἦσθά
733 1297 781 1348 τις
801 1274 949 1356 ἡμιθέων.

304 1413 382 1474 'l'um
402 1415 542 1475 Horatius
561 1414 654 1492 Epist
678 1416 725 1473 ad.
745 1413 801 1474 Pis.
825 1431 852 1476 v.
878 1414 933 1488 278
957 1431 1004 1484 ss,
1027 1419 1186 1490 postquam
1205 1411 1243 1471 de

222 1503 377 1581 'l'hespide
395 1506 488 1565 verba
508 1505 587 1578 lecit,
607 1505 682 1566 haec
701 1513 812 1564 narrat:

282 1597 355 1659 Post
374 1595 450 1657 hunc
469 1615 644 1676 personne
663 1595 853 1674 pallaeque
873 1603 1042 1673 repertor
1067 1593 1242 1654 honestae

282 1688 449 1764 Aeschylus
469 1697 500 1750 et
519 1689 643 1750 modicis
662 1689 798 1750 instravit
816 1688 930 1766 pulpita
948 1689 1045 1765 tignis,

281 1791 312 1844 et
331 1783 431 1844 docuit
451 1799 649 1860 magnumque
667 1781 748 1860 loqui
768 1781 878 1860 nitique
897 1779 1081 1841 cothurno.

302 1875 437 1950 Denique
464 1873 616 1934 Vitruvius
646 1873 736 1951 praei
763 1875 812 1935 lib.
841 1888 867 1948 7.
894 1881 933 1950 (p.
964 1887 1019 1950 154
1047 1874 1093 1936 ed.
1120 1871 1241 1942 Rodius,

81 2027 87 2034 .
221 1964 318 2026 Berol.
346 1965 429 2042 riou)
456 1966 497 2028 de
522 1963 712 2043 Aeschyleae
738 1983 862 2026 scaenam
889 1964 1009 2042 pictmh
1036 1962 1110 2022 haec
1136 1958 1240 2022 refert:

221 2059 353 2119 Primum
366 2056 576 2135 Apatirarchus
592 2057 720 2119 Athenis
736 2057 891 2134 Aeschylo
910 2057 1037 2116 docente
1055 2054 1240 2132 tragoediam

221 2167 361 2212 scaenam
389 2148 458 2212 iecit
484 2157 516 2212 et
543 2151 581 2212 de
608 2169 644 2210 ea
670 2151 914 2211 commentarium
942 2149 1063 2225 reliquit.
1091 2180 1128 2192 -
1157 2146 1241 2205 Pium

220 2244 311 2306 ctiam
333 2245 502 2306 testimonia
524 2245 693 2322 composuit
716 2243 1004 2316 Sommerbrodtius,
1031 2241 1079 2302 De
1098 2239 1240 2315 Aeschyli

224 2355 257 2398 re
275 2337 416 2407 menica,
437 2335 573 2415 lieqnltii
597 2338 678 2410 1848,
700 2349 744 2414 5¹·
764 2336 909 2414 Tangliml
933 2338 1015 2412 1858.
1034 2351 1062 2410 4.
1081 2353 1110 2412 p.
1135 2349 1178 2407 ¹4

304 2427 415 2490 Contra
442 2449 478 2492 ea
501 2429 681 2492 Aristoteles
704 2431 785 2490 l’oet
808 2445 844 2504 4.,
867 2437 1023 2508 postquam
1047 2429 1127 2504 quod
1154 2444 1242 2504 supra
1316 2417 1321 2428 '

223 2525 454 2585 commemoravi
481 2521 667 2600 Aeschylum
692 2523 817 2584 alterum
844 2522 1016 2582 histrionem
1043 2521 1240 2580 introduxisse
1291 2531 1294 2539 ·

224 2618 361 2688 narravit,
386 2617 429 2678 sic
455 2617 565 2696 pergite
593 2629 675 2697 τροις
701 2616 735 2679 tl
758 2616 810 2679 καὶ
830 2613 1059 2695 σκηνογραφίαν
1077 2614 1241 2694 Σοφοκλῆς

222 2711 288 2770 xri.
327 2707 505 2772 Aristotelea
524 2709 612 2788 igitur
630 2709 811 2788 Sophoclem
835 2717 937 2770 censet
959 2708 1102 2768 invenisse
1120 2725 1240 2768 scaeno-
1325 2724 1327 2732 ’
1449 2672 1453 2682 ⁵

223 2799 385 2879 graphiam,
404 2801 555 2864 Vitruvius
574 2801 767 2880 Aeschylum.
786 2833 825 2848 -
841 2799 909 2880 Qua
928 2801 957 2861 in
976 2801 1151 2880 scriptorum
1171 2817 1240 2860 con·

222 2896 397 2959 tradlctlone
423 2897 702 2969 mendicandum,
728 2915 778 2958 eas
804 2914 922 2974 quoque
947 2894 1091 2972 Aeschyli
1118 2894 1238 2968 fabulas,

222 3007 300 3066 quae
317 2999 385 3052 ante
403 2989 583 3069 Sophoclem
610 2991 640 3051 in
663 3008 799 3051 scaenam
827 2989 886 3051 sint
912 2991 1085 3069 productae,
1113 3007 1172 3048 non
1199 2989 1240 3047 in·

223 3080 353 3158 dimisse
371 3081 616 3160 scaenographia,
641 3079 822 3162 Sophoclem
850 3091 950 3144 autem
977 3081 1239 3159 scaenographla‘m

223 3173 312 3234 etiam
327 3175 451 3254 amplius
464 3193 635 3247 exornasse,
650 3183 683 3236 ut
697 3173 965 3253 alterAeschylum
978 3173 1239 3253 altchophoclem
1347 3183 1349 3186 ’
1460 3167 1473 3269 J

222 3265 420 3330 introduxisse
427 3269 689 3346 scamographlam
701 3270 818 3330 tradere
830 3269 967 3348 potuerit
988 3267 1111 3346 Quibus
1116 3266 1238 3329 eliorum

222 3365 354 3420 veterum
373 3361 549 3438 aoiptonsm
568 3361 745 3423 testimoniis
760 3359 854 3422 allatis
873 3361 1027 3422 redeamus
1039 3361 1103 3420 lam
1117 3360 1156 3419 ad
1171 3356 1240 3419 Arl-

221 3451 375 3530 stophanis
393 3452 504 3514 ludlcla.

299 3543 349 3606 Ac
372 3545 470 3624 prlmo
494 3544 614 3624 quidem
640 3563 859 3624 eorumquae
884 3563 973 3623 supra
998 3543 1097 3616 attuli,
1124 3540 1239 3602 Aristo·

221 3635 327 3718 phanis
353 3635 421 3700 looo
444 3639 530 3716 (Ran.
553 3639 612 3717 928
627 3641 661 3716 s.)
688 3642 727 3702 de
750 3638 829 3701 miris
852 3639 950 3718 agitur
974 3633 1076 3716 liguris
1101 3631 1239 3696 Asiaticis

2070 385 2109 399 ...
2147 367 2185 427 43
2225 383 2262 396 -

1655 509 1745 571 veluti
1761 508 1995 587 grypho-aquilis
2013 507 2213 584 similibusque
2228 505 2398 584 clypeorum
2416 504 2584 581 insignibus,
2599 523 2677 581 quae

1548 625 1553 636 ·
1657 613 1687 663 et
1707 603 1862 680 descripsit
1882 601 2052 678 Aeschylus
2072 601 2183 678 etipsa
2203 599 2295 659 oculis
2315 597 2551 676 repraesentavit
2586 597 2675 676 Quod

1656 689 1724 755 etim
1745 693 1847 756 secisse
1868 696 1987 755 minime
2015 693 2120 754 mirum
2140 701 2198 764 est,
2225 711 2292 753 cum
2312 691 2439 752 mobiles
2462 691 2501 751 ad
2520 691 2677 768 omniaque
2756 723 2758 730 ι

1656 789 1865 866 imaginatione
1885 788 2076 864 concipienda
2095 787 2234 863 propensi
2255 785 2434 846 Graecorum
2454 783 2541 845 animi
2561 781 2676 862 tempo·

1656 882 1737 941 ribus
1764 881 1819 940 illis
1846 880 1989 940 bellorum
2010 880 2193 939 Persicorum
2221 897 2310 955 quam
2339 878 2471 938 maxime
2495 880 2559 938 sine
2585 878 2677 936 dubio

1657 981 1845 1034 moverentur
1857 974 1948 1042 novis,
1964 989 2163 1048 quascumque
2180 989 2272 1049 nuper
2284 973 2312 1031 in
2321 971 2418 1031 Persis
2431 972 2566 1031 viderant
2582 971 2677 1040 rebus,
2715 1019 2717 1028 ,

1657 1066 1693 1126 ci.
1714 1067 1819 1126 Bernh.
1840 1065 1858 1124 l.
1878 1065 1898 1126 l.
1919 1081 1946 1135 2,
1966 1066 2030 1124 261.
2069 1063 2146 1123 Fere
2173 1065 2251 1124 idem
2278 1073 2373 1124 status
2396 1064 2560 1139 eademque
2580 1081 2676 1122 rerum

1657 1159 1793 1218 condicio
1818 1157 1918 1218 medio
1938 1175 2057 1232 quoque
2084 1155 2137 1214 iuit
2156 1174 2232 1215 aevo
2247 1157 2327 1232 apud
2346 1154 2511 1216 Germanos
2531 1155 2676 1214 bellorum

1656 1250 1779 1320 illorum.
1799 1268 1875 1327 quae
1896 1249 1936 1310 rei
1958 1247 2140 1308 Christianae
2154 1244 2357 1307 defendendae
2376 1265 2464 1308 causa
2479 1247 2508 1307 in
2523 1246 2677 1307 Oricntcm

1657 1351 1725 1402 sunt
1744 1351 1894 1420 suscepta,
1920 1341 2111 1418 temporibus.
2132 1373 2167 1386 .„
2188 1373 2228 1386 -
2247 1339 2431 1418 Tragoediac
2459 1347 2558 1400 autem
2587 1341 2677 1398 incre

1658 1443 1773 1506 menta,
1808 1453 1933 1512 quorum
1962 1441 2066 1494 auctor
2091 1446 2121 1492 ct
2149 1434 2284 1492 inventor
2309 1431 2475 1510 appellatur
2498 1430 2678 1506 Aeschylus,

1659 1526 1800 1604 pleraque
1819 1527 2004 1586 debebantur
2023 1527 2049 1584 ei
2070 1527 2133 1601 ipsi,
2153 1544 2242 1600 quam
2263 1525 2355 1584 modo
2374 1523 2543 1600 significavi,
2563 1533 2678 1600 tempo-

1658 1635 1722 1678 rum
1743 1616 1856 1676 illorum
1877 1617 2050 1676 condicioni.
2094 1617 2227 1676 Devictis
2245 1618 2325 1675 enim
2345 1616 2440 1683 Persis
2457 1633 2526 1674 eum
2546 1616 2676 1674 omnium

1658 1728 1754 1771 renum
1784 1709 1912 1770 Athenis
1940 1710 1992 1770 luit
2019 1710 2200 1786 prosperitas
2227 1717 2290 1769 tum
2319 1711 2360 1768 rei
2386 1709 2546 1770 scaenicae.
2601 1705 2677 1767 Cum

1658 1811 1757 1861 autem
1777 1799 1948 1877 Aeschylus
1968 1801 2023 1860 illis
2044 1800 2226 1877 temporibus
2245 1802 2400 1876 tragoedia
2421 1801 2538 1860 ilorcrct
2561 1808 2679 1876 practer

1659 1903 1784 1967 ceteros,
1795 1912 1986 1970 quaecunque
2007 1912 2130 1954 saurae
2144 1901 2320 1953 omamenta
2331 1901 2382 1955 aut
2397 1893 2436 1952 ab
2449 1893 2515 1970 ipso
2523 1889 2678 1967 Aeschylo

1659 1992 1710 2043 aut
1732 1984 1771 2043 ab
1795 1985 1854 2044 alio
1878 1985 1992 2060 tragico
2019 1986 2113 2043 minus
2138 1985 2217 2044 claro
2237 1995 2306 2043 tunc
2325 1993 2394 2044 sunt
2413 1985 2542 2054 inventa.
2569 1984 2678 2044 tributa

1470 2061 1473 2068 ⁴
1575 2111 1578 2118 ·
1659 2095 1724 2138 esse
1743 2075 1897 2152 Aeschylo
1918 2075 2156 2138 verisimillimum
2177 2084 2230 2139 est.

1735 2167 1798 2228 Suo
1819 2171 1880 2229 iure
1900 2168 2088 2246 Aeschylum
2108 2177 2282 2248 apparatum
2301 2169 2466 2230 scaenicum
2488 2168 2604 2228 auxisse
2631 2167 2676 2226 his

1658 2270 1688 2322 et
1723 2271 1856 2324 veterum
1887 2264 2063 2342 scriptorum
2100 2272 2130 2324 et
2158 2261 2276 2325 Goethii
2308 2261 2400 2322 nostri
2435 2269 2557 2340 apparet
2591 2259 2675 2319 locis:

1658 2355 1784 2417 Aristot.
1803 2355 1886 2418 Poet
1905 2374 1968 2434 cap.
1987 2359 2009 2417 6
2026 2357 2044 2434 S
2063 2373 2097 2430 4²

1735 2495 1801 2558 lael
1825 2493 1859 2557 δὲ
1885 2491 2078 2572 πράττοντος
2105 2498 2273 2558 ποιοῦνται
2301 2497 2359 2576 τήν
2340 2496 2521 2610 ιμὶμρριν,
2527 2449 2677 2604 ...πρῶτον

1657 2586 1714 2666 piu
1737 2581 1810 2662 35²
1792 2583 1927 2668 ανᾶγιιρς
1954 2583 1995 2650 ἃν
2019 2587 2065 2668 ein
2085 2609 2115 2649 rr
2133 2584 2245 2667 μόριον
2265 2583 2479 2667 τραγῳδίας
2463 2609 2481 2646 ο
2502 2588 2558 2665 τῆς
2580 2579 2676 2660 ὄρεος

1658 2675 1780 2759 airum
1799 2675 1867 2742 alre
1881 2681 2045 2760 peiosorlu
2067 2681 2120 2742 acl
2140 2681 2224 2756 λέξις
2244 2679 2279 2742 ἐν
2294 2677 2419 2752 τούτοις
2433 2677 2491 2758 γὰρ
2508 2679 2673 2740 ποιοῦνται

1660 2769 1717 2852 τὴν
1734 2774 1867 2852 μὶμρσιν.

1737 2913 1810 2972 Hor.
1831 2913 1886 2992 Ep.
1908 2929 1934 2986 a,
1958 2929 1982 2984 1,
2002 2927 2074 2989 203:

1774 3051 1873 3112 Tanto
1892 3071 1960 3113 eum
1979 3054 2101 3130 strepitu
2121 3051 2181 3112 ludi
2200 3060 2370 3130 spectantur
2388 3059 2418 3110 et
2436 3059 2515 3110 artes

1775 3145 1952 3220 divitiaeque
1972 3145 2156 3222 peregrinae:
2177 3144 2284 3220 quibus
2302 3143 2410 3202 oblitus
2425 3151 2508 3202 actor

1637 3297 1642 3302 ,
1774 3253 1842 3296 cum
1861 3237 1943 3296 stetit
1962 3239 1991 3297 in
2011 3255 2124 3302 scaena,
2144 3237 2290 3296 concurrit
2309 3235 2433 3296 dextera
2448 3233 2557 3304 laevae,

1775 3328 1850 3388 dixit
1869 3328 1966 3388 adhuc
1985 3329 2110 3405 aliquid?
2125 3327 2177 3387 Nil
2198 3345 2276 3387 sane.
2307 3325 2385 3404 Quid
2404 3325 2504 3403 placet
2518 3325 2607 3402 erpo?

1774 3417 1856 3478 lana
1875 3418 2036 3479 Terentino
2055 3419 2149 3480 vlolas
2170 3419 2281 3478 imitata
2300 3435 2422 3482 venerao.

1735 3556 1871 3634 Denique
1891 3555 2034 3618 Goethius
2054 3567 2155 3620 noster
2182 3559 2210 3618 in
2230 3555 2330 3618 Fausti
2356 3553 2536 3634 praelatione
2561 3553 2602 3622 ei,
2620 3529 2669 3628 qui

1659 3656 1776 3728 praeest
1793 3649 1934 3752 scaenicis
1953 3649 2127 3728 spectaculis
2146 3650 2274 3720 edendis.
2294 3647 2368 3708 hacc
2386 3646 2485 3708 tribuit
2504 3643 2610 3704 verba:
