5710 4266
642 438 833 499 -3,..

232 588 259 648 ι,
276 574 332 651 263
349 594 373 636 s.
391 577 478 654 (249),
510 576 559 638 Ac
574 579 701 654 primum
717 578 835 655 quidem
852 577 1041 655 reprehendit
1056 579 1252 642 elocutionem

236 655 300 730 ‘sor
317 667 369 730 καλ
389 670 571 750 κατέρχομαι
591 669 634 730 his
655 671 752 730 verbis
770 687 797 729 ν.
821 683 893 745 1154
912 689 961 733 sss

352 759 400 834 dic
419 756 537 825 ταύτὸν
556 760 629 843 ἦμεν
647 759 734 826 εἶπεν
754 760 772 826 d
792 761 888 839 σοφὸς
907 760 1067 842 Αἰσχύλος.

662 851 817 928 Διόνυσος.

343 949 410 1018 πῶν
429 945 487 1018 ilci

650 1035 829 1118 Εὐριπίδης.

503 1127 612 1194 redsa
632 1131 671 1194 cd
690 1128 767 1214 ῥῆμ’·
787 1129 845 1204 iro*
869 1131 905 1194 di
923 1148 972 1196 σοι
991 1127 1107 1211 φράσω.

343 1213 410 1302 ἥκοι
429 1220 486 1303 γὰρ
506 1221 538 1295 ic
556 1226 624 1304 γῆν,
644 1226 726 1304 perol,
746 1221 799 1286 soi
817 1225 1003 1304 κατέρχομαι
1080 1249 1083 1258 ¹

341 1308 408 1394 iham
427 1316 461 1377 di
481 1311 601 1378 ταύτόν
621 1317 686 1380 ἐστι
706 1321 752 1396 τῷ
770 1317 962 1397 κατέρχομαι.

303 1403 401 1483 Quam
416 1408 648 1469 criminationem
669 1406 837 1486 Aeschylus
861 1410 906 1470 his
925 1410 1111 1488 potissimum
1132 1409 1244 1488 repellit

222 1495 323 1558 uerbis
342 1517 369 1560 v.
393 1499 557 1576 1163-65:

339 1589 445 1654 ι’λθειν
463 1593 520 1671 μὲν
539 1591 582 1664 εἰς
600 1595 658 1673 γῆν
677 1588 754 1667 ἔσθ’,
774 1586 841 1673 ὅτῳ
854 1597 930 1673 μετῇ
948 1591 1077 1674 κάπρας,

340 1685 435 1761 tuuis
453 1683 511 1763 ιὰι
530 1678 623 1762 ilius
641 1689 799 1764 σννονιᾶν
816 1682 979 1766 ἐλήλυθεν·

338 1774 463 1853 φεύγων
481 1770 512 1837 d'
523 1771 601 1855 ἀνὴρ
617 1769 682 1856 ἥκει
703 1798 737 1838 τι
757 1779 808 1837 καλ
828 1777 1015 1856 κατέρχεται.

301 1864 466 1942 insequenti
486 1884 573 1928 uersu
598 1869 672 1928 1166
691 1869 822 1929 Bacchus
843 1869 1027 1946 Aeschylum
1048 1880 1129 1932 recte
1143 1872 1241 1949 dispu-

222 1965 305 2017 tasse
323 1959 366 2018 sic
385 1957 528 2020 alfinnst:

340 2039 375 2113 eri
396 2050 435 2131 νὴ
454 2049 511 2115 τὸν
528 2048 674 2117 Ἀπόλλω.
697 2055 727 2116 ri
747 2053 785 2117 orl
805 2055 900 2135 λε’χεις
919 2052 1086 2137 Εὐριπλόιμ

301 2139 376 2202 Cum
396 2144 438 2203 ita
457 2145 589 2204 Bacchus
609 2147 658 2220 qui
674 2145 774 2223 populi
795 2157 995 2224 repraesentat
1014 2167 1122 2210 uocem
1142 2167 1241 2209 assen-

220 2233 311 2294 tiatur
320 2232 480 2312 Aeschylo,
500 2256 547 2298 res
560 2246 606 2298 est
621 2239 786 2311 diiudicata,
805 2248 837 2300 ut
851 2241 947 2301 uerbis
967 2241 1006 2300 nil
1021 2242 1090 2300 eddi
1104 2261 1179 2319 opus
1195 2243 1240 2303 sit

301 2325 407 2388 Altera
434 2329 598 2405 tautologia
624 2329 777 2407 Aeschylo
805 2332 967 2409 opprobrio
996 2338 1086 2393 datur
1104 2350 1132 2396 ν.
1160 2346 1239 2408 1174,
1336 2325 1339 2339 '

216 2418 269 2480 ubi
289 2419 444 2498 Euripides
463 2422 537 2482 haec
557 2422 697 2500 loquitur:

334 2509 447 2586 κλύειν,
467 2509 604 2584 ἀκοῦσαι,
623 2510 743 2576 ταύτὸν
764 2511 803 2576 δν
819 2517 1000 2591 σαφέστατα.

298 2602 410 2674 chm
439 2603 594 2683 Euripides
622 2607 685 2684 ipsc
713 2615 744 2669 et
771 2610 877 2669 cadem
907 2617 939 2669 et
965 2608 1117 2668 simillimis
1149 2609 1237 2668 utitur

214 2694 391 2769 tautologiis
411 2694 455 2754 his
475 2697 558 2756 locis:
579 2697 689 2758 Phoen.
709 2713 776 2774 919,
795 2699 844 2757 ubi
865 2698 962 2758 Creon
982 2699 1158 2760 haecdicit:

335 2779 393 2848 oris
408 2783 531 2862 ἔκλυον,
551 2782 610 2850 οὐκ
629 2781 754 2868 tironos
774 2789 907 2869 χαιρέτω
924 2784 1023 2862 πόλις

297 2877 416 2954 lllppol.
438 2881 604 2955 χόα-369
974 2883 975 2886 ’

402 2965 466 3045 ὄιες
485 2962 520 3044 oi,
540 2963 690 3044 ἔκλνετολ

401 3059 579 3128 ἀνάκοοοτα
599 3068 655 3142 τᾶς

355 3155 511 3239 τυράννου
530 3156 635 3224 scidas
653 3159 745 3240 μέλεα
763 3160 942 3240 θρεομένας.

296 3248 373 3312 lonis
391 3269 419 3314 ν.
442 3253 517 3327 1446
534 3271 571 3314 ss
824 3277 828 3288 ·

400 3339 457 3408 ehi
478 3341 578 3410 aiddu
596 3341 683 3410 dion

399 3433 519 3514 dodum
538 3445 603 3502 κτλ.

293 3527 395 3605 ltaque
428 3529 661 3611 Aristophanem
696 3532 818 3612 prolatis
846 3533 896 3622 his
931 3533 1102 3613 tautologiis
1138 3536 1233 3596 minus

212 3619 400 3699 Aeschylum
428 3641 517 3702 ιχαται
545 3625 693 3706 Euripidis
720 3627 809 3706 ipsius
840 3627 1005 3690 doctrinam
1031 3629 1231 3707 sophisticam

211 3715 412 3794 pastriagem
432 3717 559 3780 voluisse
578 3728 701 3798 apparet
721 3737 756 3780 ac
776 3721 961 3800 potissimum
981 3723 1100 3798 quidem
1128 3741 1167 3785 ex
1187 3742 1231 3794 eo,

1465 1391 1473 1470 i

2065 425 2253 487 ..33-

1650 570 1732 647 quod
1760 569 1799 626 de
1826 567 1972 646 Euripidis
1999 563 2240 626 cauillatione-
2266 580 2293 621 ν.
2325 560 2397 636 1167
2421 577 2444 619 a
2471 591 2510 604 -
2537 557 2669 617 Bacchus

1650 660 1727 734 iacit,
1747 662 1853 722 iudicio
1873 679 1900 720 ν.
1924 661 2008 736 1169ι

1646 803 1647 806 ,
1766 745 1802 814 εὖ
1823 751 1861 835 νὴ
1882 749 1940 814 τὸν
1955 751 2074 831 Ἑρμῆν·
2095 743 2144 811 ὅτι
2166 749 2261 828 λε’χιις
2280 739 2359 808 d'oc'·
2377 741 2543 825 μανθάνω.

1650 856 1681 906 et
1707 865 1746 905 ex
1774 845 1871 906 verbis
1897 845 2092 922 lepidissimis,
2120 842 2227 918 quibus
2251 838 2383 899 llacchus
2400 835 2587 913 Aeschylum
2614 854 2668 894 suo
2744 845 2747 854 '

1650 939 1711 998 lure
1729 937 1865 998 audiendi
1886 936 2009 996 uerbum
2029 935 2180 1012 repetiisse
2199 931 2353 992 confirmat
2373 949 2400 987 ν.
2425 941 2496 1006 1175
2517 947 2552 988 ss

1767 1025 1955 1109 τεθνηκόσιν
1975 1025 2032 1107 γὰρ
2052 1024 2163 1106 ἔλεγεν,
2181 1015 2208 1085 oi
2225 1021 2363 1104 μόχθηρε
2385 1013 2431 1093 ori,

1767 1115 1814 1203 nic
1834 1115 1907 1184 οὐδὲ
1929 1120 1995 1198 rple
2013 1119 2154 1200 λέγοντες
2172 1112 2384 1196 ἐξικνούμεθα.

2068 1289 2198 1300 -υ--ι-κι
2205 1290 2213 1298 ι
2219 1289 2246 1298 -ιιι

2074 1423 2171 1502 Caput
2191 1421 2238 1482 lll.

1883 1569 1903 1624 Ι.
1921 1575 1942 1627 5.
1976 1563 2012 1613 lle
2028 1566 2138 1627 Aeschyli
2155 1565 2240 1611 melier
2256 1563 2321 1625 proesl
2338 1561 2429 1610 iudicis.

1726 1688 1933 1766 Aristophanis
1960 1689 1999 1746 de
2028 1686 2170 1763 Aeschyli
2203 1686 2306 1746 melica
2333 1685 2417 1762 poesi
2444 1684 2548 1743 iudicia
2576 1668 2665 1758 uuam

1647 1783 1863 1851 accuratissime
1883 1796 2063 1854 componere
2086 1787 2117 1836 et
2143 1778 2311 1836 examinare
2334 1775 2445 1842 studui,
2472 1775 2528 1834 sed
2555 1773 2667 1842 uur‘eor,

1467 1857 1475 1956 'U
1555 1871 1558 1876 ’
1646 1893 1683 1934 ne
1697 1871 1769 1933 satis
1782 1881 1918 1932 accurate
1931 1872 2007 1930 lrunc
2024 1870 2120 1929 loc-..nr
2135 1889 2192 1928 ιιοιι
2207 1869 2453 1946 pertractaverint,
2469 1886 2537 1926 nam
2553 1867 2667 1943 primus

1645 1985 1711 2025 eam
1741 1984 1803 2025 rem
1835 1963 2033 2024 difficillimam
2062 1963 2197 2034 tractavi,
2224 1970 2253 2020 et
2281 1963 2375 2020 rninus
2404 1977 2494 2037 quam
2521 1959 2663 2036 optabam
2726 1997 2731 2008 ·

1647 2061 1717 2120 mihi
1738 2058 1834 2118 adhuc
1855 2056 1907 2118 iuit
1927 2059 1988 2118 otii.
2029 2056 2095 2116 Huc
2114 2057 2228 2116 accedit
2249 2055 2318 2114 illud
2334 2056 2433 2124 etiam,
2451 2053 2534 2130 quod
2550 2053 2588 2114 dc
2604 2072 2665 2113 me·

1560 2190 1562 2195 ,
1644 2152 1699 2210 lica
1719 2149 1862 2225 Aeschyli
1890 2151 1972 2226 poesi
2001 2149 2105 2208 iudicia
2125 2145 2334 2223 Aristophanis
2361 2164 2429 2223 pars
2457 2154 2570 2204 tantum
2594 2155 2663 2204 sunt

1644 2242 1728 2303 huius
1754 2242 1858 2312 libelli,
1885 2244 1924 2302 de
1952 2261 2010 2318 qua
2038 2241 2155 2300 uberius
2183 2239 2332 2315 disputare
2358 2237 2405 2298 hic
2433 2257 2486 2315 per
2512 2239 2664 2314 angustias
2747 2251 2775 2326 ,Δ

1642 2335 1728 2411 spatii
1749 2353 1807 2394 non
1828 2334 1941 2394 licebat.
1981 2333 2083 2408 ltaque
2103 2341 2217 2390 tantum
2236 2331 2334 2400 abest,
2364 2339 2395 2389 ul
2419 2349 2484 2388 eam
2510 2331 2662 2388 materiam

1644 2446 1693 2488 me
1713 2428 1884 2488 exhausisse
1903 2435 2013 2504 pulum,
2033 2434 2065 2484 ut
2085 2432 2240 2485 contentus
2261 2422 2371 2483 iuturus
2387 2425 2451 2493 sim,
2471 2422 2494 2480 si
2512 2421 2662 2482 iurlicnbor

1644 2537 1768 2597 parvum
1789 2519 1900 2577 initium
1927 2517 2030 2576 iecisse
2054 2529 2083 2576 ct
2108 2517 2327 2576 fundamentum
2351 2517 2498 2590 posuisse,
2526 2533 2587 2590 quo
2610 2523 2661 2572 aut

1624 2665 1625 2670 ,
1644 2629 1703 2686 ego
1723 2611 1784 2687 ipse
1803 2612 1957 2689 posterius,
1976 2609 2000 2668 si
2020 2611 2091 2670 satis
2108 2609 2177 2670 mihi
2197 2609 2251 2670 erit
2266 2608 2325 2676 olii,
2345 2618 2395 2666 aut
2410 2607 2454 2666 alii
2472 2608 2523 2665 nili
2539 2607 2660 2684 possint.

1644 2701 1758 2776 Quibus
1779 2702 1947 2776 praemissis
1967 2701 2005 2759 ad
2026 2702 2209 2776 propositum
2232 2709 2417 2759 revertamur.

1719 2791 1766 2850 De
1792 2791 1936 2867 Aeschyli
1965 2799 1995 2852 el
2022 2791 2168 2868 Euripidis
2200 2788 2375 2850 carminibus
2403 2787 2526 2847 choricis
2554 2787 2659 2846 iudicia

1643 2883 1825 2942 continentur
1857 2884 2006 2942 Ranarum
2051 2884 2182 2960 episodio
2223 2884 2350 2958 septimo
2390 2898 2417 2939 ν.
2461 2881 2658 2954 1261-1369.

1643 2973 1784 3051 Aeschyli
1812 2975 1932 3051 quidem
1960 2975 2041 3034 chori
2070 2975 2184 3035 cantica
2211 2974 2334 3034 seorsim
2363 2980 2521 3032 tractantur
2548 2971 2656 3030 indes

1642 3084 1728 3127 uersu
1753 3069 1821 3127 1261
1842 3069 1993 3145 usquead
2018 3079 2098 3143 1300.
2128 3067 2323 3128 introducitur
2341 3073 2439 3124 autern
2460 3063 2491 3122 id
2509 3071 2657 3123 certamen

1641 3159 1765 3238 episodii
1785 3162 1862 3221 sesti
1879 3160 2011 3222 uersibus
2031 3163 2180 3232 extremis,
2200 3160 2248 3221 ubi
2264 3157 2419 3236 Euripides
2438 3155 2511 3218 hacc
2530 3154 2656 3216 allinnat

1640 3270 1668 3312 ν.
1692 3267 1766 3328 1249
1785 3273 1820 3312 s.=

1755 3345 1805 3406 καλ
1824 3344 1886 3427 μὴν
1907 3347 1966 3425 ι’χοι
1985 3339 2064 3426 χ’ώς
2082 3341 2181 3408 αὐτὸν
2200 3342 2353 3420 ἇκοόελξοι
2372 3341 2471 3406 κακὸν

1753 3435 1920 3519 μελοποιὸν
1940 3433 2020 3500 ὄντα
2040 3439 2264 3501 sclaomirus
2283 3431 2368 3498 ταῦτ’
2390 3432 2446 3498 riri.

1715 3530 1826 3592 Contra
1845 3530 1952 3591 chorus
1972 3532 2125 3607 quomodo
2144 3531 2206 3590 lieri
2226 3531 2331 3608 possit,
2351 3537 2384 3589 ut
2403 3529 2558 3608 Euripides
2577 3527 2653 3605 prin-

1637 3625 1733 3703 cipem
1753 3620 1930 3684 canticorum
1962 3634 2081 3703 poetam
2108 3626 2263 3701 vituperet,
2291 3625 2337 3682 his
2361 3625 2480 3682 miratur
2506 3621 2602 3680 verbis
2625 3638 2652 3677 ν.

1641 3718 1802 3793 1251-56:

2467 3820 2481 3868 l
